2738 5016
451 879 689 942 SABRINAE
718 880 930 943 COROLLA.
1154 884 1194 945 19

187 1113 248 1177 Ἐκ
262 1121 318 1188 τῆς
333 1109 545 1188 έλεειυοτάτης
561 1107 732 1196 κωμῳδίας,
748 1114 781 1178 έν
796 1110 817 1199 ᾗ
834 1117 986 1198 Πυραμοῦ
1002 1117 1051 1178 καὶ
1065 1107 1196 1198 θίσβης

331 1199 514 1284 οἰκτρότατα
529 1194 696 1280 παθήματα
712 1195 860 1284 διηγεῖται
877 1203 895 1265 ὁ
910 1203 1052 1276 ποιητής.

592 1374 793 1462 Παρόβασις.

181 1511 231 1578 Ὦ
248 1509 405 1594 θεώμενοι,
421 1512 493 1600 τάχ’
508 1512 587 1588 ἰ’σιυς
603 1510 797 1588 θαυμάσεσθε
812 1515 871 1589 τὴν
886 1509 969 1578 θίαν.

191 1597 268 1663 ἁλλ’
286 1600 336 1677 ἴτ’,
351 1599 413 1665 ἴστ’
430 1599 470 1664 ἂν
485 1604 588 1664 πάντα
604 1599 709 1685 φράση
723 1597 869 1675 τάληθές,
886 1597 1066 1683 θαυμάζετε.

190 1682 293 1770 ἄνδρα
307 1683 399 1751 τόνδε
415 1689 569 1773 Πυραμὸν
584 1685 651 1750 ὄντ’
666 1685 738 1763 ἴστ’,
754 1685 794 1761 ἢν
808 1682 970 1835 βοόλησθ
988 1682 1111 1764 εἰδέναι,

189 1770 301 1858 θίσβη
313 1774 377 1858 γὰρ
393 1783 468 1848 παῖς
483 1769 753 1858 καλλιπρόσιυπος
768 1770 807 1848 δή
832 1801 850 1848 η
866 1771 925 1837 ’στ’
942 1770 1063 1848 ἐκεινηί.

190 1857 273 1945 ἁνὴρ
290 1857 317 1925 δ’
333 1857 501 1941 οίίμπλεως
516 1857 652 1946 χάλικας
667 1864 716 1923 καὶ
731 1856 837 1934 πηλοῦ
851 1863 1011 1942 μιμήσεται

188 1955 237 2009 τεῖ
262 1973 299 2021 ος
314 1948 551 2031 τούπίτριτττου,
567 1947 681 2031 ἐραστὰ
698 1942 836 2031 διεῖργον
852 1949 895 2010 τὼ
912 1942 979 2011 δόο.

189 1973 268 2098 τώδε
282 2031 346 2119 γάρ
360 2036 488 2118 τείχους
503 2028 542 2097 δι’
558 2035 640 2107 ὀπῆς
655 2031 799 2113 ἀσμένως
813 2061 831 2095 τ
852 2030 985 2097 ισαθλίιυ

192 2125 251 2183 νῦν
266 2122 349 2204 πρὸς
364 2117 500 2194 ιἰλλήλω
515 2116 726 2203 ψιθυρίζουὸ·
744 2116 763 2182 ἃ
778 2060 886 2200 μηδιέὶς
902 2115 1057 2207 θαυμάσῃ.

188 2202 293 2290 ἄνδρα
309 2214 412 2271 κεῖνον
428 2203 468 2285 δ’,
484 2206 522 2279 ὃς
537 2205 604 2271 κύν’
622 2207 716 2270 ίπνόν
731 2206 759 2267 τ’
775 2205 798 2288 ί,
815 2233 838 2270 ει
853 2202 1011 2282 κεἰκάυθης
1026 2205 1143 2290 βάτον,

190 2289 329 2367 σελήνης
344 2294 520 2377 πρόσωπον
536 2290 636 2376 ὁρᾶτ’·
652 2291 692 2366 ἢν
707 2293 770 2376 γὰρ
785 2233 947 2376 βούλησθ’
964 2292 1086 2370 εἰδέναι,

191 2381 236 2442 τώ
252 2376 300 2444 δό’
317 2379 374 2443 οὐκ
390 2376 550 2444 αἶδεῖσθου
565 2379 679 2464 ἐραστὰ
698 2377 876 2453 Σεληναίας
892 2377 988 2454 σέλας

187 2467 236 2539 είς
254 2471 353 2530 Νίνου
367 2462 495 2552 τόμβον
509 2468 756 2548 προαπαντῶντε
771 2469 821 2529 καὶ
837 2464 982 2538 παίζοντ’
998 2467 1065 2530 ἐκεῖ.

191 2549 303 2636 θηρίον
318 2549 384 2617 τόδ’
401 2552 440 2616 αὖ
458 2552 616 2637 χαροπόν,
630 2548 735 2615 λέονθ’
750 2551 790 2616 ὃν
805 2550 1020 2635 κικλήσκομεν,

189 2635 321 2723 Θίσβην
335 2642 459 2714 πιστήν·
473 2640 626 2724 ἐρχομένη
643 2633 669 2703 δ’
685 2638 704 2711 ἡ
719 2646 794 2712 παῖς
809 2640 922 2712 νυκτὸς
938 2634 1082 2723 ἐ’φθιισεν·

186 2721 334 2800 ἐξέπληξ’
349 2726 400 2792 ε’ίτ’
416 2723 475 2791 οὖν
490 2720 633 2809 ἐφόβησ·
650 2722 709 2788 ὧδε
724 2725 788 2810 γὰρ
802 2729 928 2808 τρανῶς
942 2728 1012 2810 ἐρῶ.

188 2814 247 2895 φεύ
273 2838 373 2879 ουσαν
388 2808 420 2877 δέ
436 2809 598 2892 θοίμάτιον
612 2807 762 2875 λανθάνει
776 2815 895 2876 πίτταν
911 2816 1020 2898 χαμαί,

188 2897 240 2984 χώ
249 2840 337 2965 λέων
352 2896 487 2985 γνάθοις
503 2895 680 2982 ἀκάθαρτος
697 2900 817 2983 χραίνει
831 2900 1020 2984 μιαιφόνοις.

186 2984 247 3049 κάν
261 2982 332 3071 τῷδ’
346 2982 425 3060 ἡδὺς
439 2986 592 3067 ὑφικόμας
606 2989 803 3069 μειρακίσκος
816 2982 1014 3069 προσμολών

186 3073 341 3153 κτάμενον
357 3072 425 3157 εὗρε
442 3069 604 3153 θοίμάτιον
621 3067 749 3155 θίσβης
765 3080 876 3146 πἰστής
892 3073 1054 3157 Πυραμός.

188 3158 343 3244 φασγάνῳ
359 3155 390 3225 δὲ
407 3163 451 3244 τῳ
465 3155 597 3243 φοβερῳ
610 3159 654 3243 τιγῖ
669 3162 806 3242 φονῶντι
823 3158 977 3244 φασγάνῳ

187 3241 257 3330 φλςῐ
271 3243 450 3331 φλογωπὸν
466 3244 631 3331 φοιταλέος
646 3248 772 3329 φοινίαν
787 3243 885 3329 φίλην
900 3249 1008 3331 φρένα.

186 3330 263 3406 εἶτα,
279 3329 388 3417 θίσβη
403 3333 467 3440 γὰρ
483 3360 526 3397 πα
549 3334 664 3414 ἔμεινεν
677 3332 777 3415 μόρου
793 3336 882 3406 σκιῖες
898 3333 970 3408 ὕπο,

186 3417 290 3503 ἔγχος
305 3417 413 3484 είλκυσ
436 3420 488 3483 εἶτ’
503 3360 622 3484 ἔθανεν.
670 3416 774 3482 τάλλα
789 3414 816 3483 δ’
832 3417 890 3483 οὖν
905 3416 999 3485 πάνθ’
1014 3421 1058 3494 ὡς
1073 3419 1149 3507 ἔχει,

187 3505 208 3578 ἡ
226 3502 354 3582 σελήνη,
369 3508 413 3570 τὼ
428 3501 475 3570 δθ
491 3502 613 3590 ἐραστά,
628 3505 665 3568 τὸ
680 3513 799 3590 τεῖχος,
815 3505 864 3591 χώ
879 3504 973 3581 λέων,

187 3586 249 3656 οἵδ’
265 3589 467 3677 άφηγείσθων
481 3590 559 3668 τάδ’,
575 3593 634 3666 ἕως
649 3588 754 3657 ἐνθαδι
770 3591 895 3674 μέιιουσ’
911 3592 963 3658 ἐ’τι.

390 3823 447 3889 Ἐκ
461 3833 517 3898 τῆς
532 3823 629 3898 αὐτῆς
644 3819 806 3907 κωμῳδίας
821 3820 985 3907 λείψανον.

190 3971 233 4029 Π.
282 3969 343 4027 Δῖα
357 3959 491 4037 Σελήνη,
504 3968 537 4027 σὲ
549 3960 580 4027 δὲ
592 3970 799 4046 μαρμαρυγῆς
810 3960 925 4046 ι’ίγαμαι
936 3971 993 4037 τῆς
1004 3959 1193 4038 ήλιοειδοῦς.

187 4051 306 4136 ἄγαμαι
316 4044 423 4124 δῆτ’,ιῖι
435 4045 485 4113 δῖα
497 4047 633 4124 Σελήνη,
645 4046 790 4131 σελαγεῖς
800 4047 895 4123 σέλας
906 4048 1018 4114 οίινεκα
1030 4047 1191 4137 λαμπρόν·

185 4131 1195 4223 ὑπὸγὰρτοῖςσοῖςχρνσορότοισιυχλιδαυοῖςχορίεσσιρεέθροις

186 4227 299 4289 ὄσσων
309 4220 437 4308 θίσβης
445 4231 501 4297 τῆς
509 4221 807 4296 πιστοτάτηςπίστις
816 4222 899 4308 πάρα
908 4219 1194 4310 πάγχυπάσασθαι.
