2738 5016
448 874 684 938 SABRINAE
713 875 924 938 CORODLA.
1152 879 1190 938 67

367 1136 417 1198 [li
432 1131 502 1197 ποκ’
518 1130 567 1218 ἄρ’
582 1131 652 1210 ἦσθ’
666 1137 723 1199 ὅκα
740 1135 865 1221 Δάφνις
880 1137 1002 1201 irritare
1018 1161 1026 1213 ;

197 1294 230 1353 l>
241 1290 283 1377 ᾗ·
292 1279 319 1335 ‘⁷‘
333 1292 404 1363 UA,
421 1296 582 1373 nymphae,
597 1295 735 1370 fueratis,
750 1298 935 1357 inexorabile
951 1319 1086 1359 marmor

210 1450 211 1453 Ἰ
237 1383 287 1459 ἵξίί
306 1384 315 1431 l
354 1387 391 1439 ut
406 1382 503 1440 vestri
518 1382 649 1459 Lycidas
663 1383 769 1443 subter
782 1391 875 1463 caput
889 1385 992 1444 hausit
1005 1386 1167 1445 amatum?

204 1443 308 1541 {3249
353 1487 423 1526 nam
439 1487 539 1545 neque
553 1469 646 1527 ludus
661 1475 728 1528 erat
742 1470 828 1529 vobis
844 1472 876 1529 in
890 1473 1005 1532 vertice
1018 1473 1103 1546 alivi,

235 1572 297 1629 qua
309 1554 454 1628 Druidae,
471 1560 558 1615 vates
572 1557 700 1632 antiqua
716 1556 815 1629 laude,
831 1559 1004 1634 quieseunt,

237 1646 337 1700 vester
353 1641 469 1715 honos;
492 1661 548 1702 nee
562 1643 656 1701 Mona
672 1644 743 1721 iugo
758 1664 818 1720 qua
832 1646 934 1722 surgit
945 1646 984 1704 ad
1000 1665 1091 1706 auras

236 1727 319 1786 hirta
333 1748 398 1801 suo,
413 1730 460 1787 vel
477 1729 564 1788 Deva
578 1749 702 1806 magum
717 1739 818 1789 tamen
833 1733 966 1809 explieat
979 1752 1110 1793 amnem.

236 1815 264 1872 ei
278 1815 362 1887 mihi,
377 1835 431 1875 vos
447 1836 526 1875 vano
539 1817 638 1876 somni
651 1816 849 1876 frustramine
864 1818 946 1895 fingo

235 1908 426 1976 praesentes:
451 1903 524 1979 quid
538 1904 617 1962 enim
632 1903 804 1982 praesentia
819 1909 922 1963 vestra
935 1900 1083 1966 iuvaret?

237 1988 328 2046 Musa
341 1989 416 2065 quid
429 1989 504 2067 ipsa,
519 1991 652 2066 inquam,
668 1991 808 2065 genetrix
822 1991 964 2069 orpheia,
979 1992 1069 2064 iuvit,

237 2080 343 2133 natum
358 2075 450 2133 Musa
463 2094 564 2148 suum,
580 2078 682 2134 tenuit
697 2097 881 2154 quamquam
896 2080 999 2136 omnia
1013 2084 1117 2150 cantu,

237 2167 269 2219 et
282 2180 382 2220 rerum
398 2162 593 2221 lamentatust
606 2169 715 2222 natura
729 2171 930 2243 peremptum,

236 2248 357 2323 quando
371 2249 461 2307 illum
476 2249 596 2307 thiasus
612 2255 743 2308 taetrum
759 2251 885 2310 mittens
900 2251 1055 2309 ululatum

237 2353 290 2392 ora
305 2335 390 2394 dedit
404 2335 508 2408 fluvio,
522 2336 618 2394 fluvio
633 2356 687 2395 ora
701 2345 827 2397 eruenta
843 2337 986 2410 seeundo,

237 2421 478 2499 Lesbiadumque
492 2441 587 2501 rapax
601 2423 640 2481 ad
652 2425 728 2483 litus
745 2424 857 2483 detulit
871 2425 1006 2484 Hebrus.

237 2508 323 2581 eheu,
338 2510 494 2588 perpetuis
508 2510 582 2586 qnid
597 2511 760 2588 pastoralia
772 2511 853 2570 curis

235 2595 389 2674 incompta
403 2615 541 2656 exercere
555 2597 641 2655 iuvat
654 2598 855 2676 despectaque
869 2594 987 2676 pensa?

238 2682 311 2758 quid
325 2683 386 2742 fida
400 2683 553 2759 ingratam
568 2684 751 2744 meditemur
764 2685 935 2743 harundine
948 2687 1094 2745 musam?

236 2789 337 2829 nonne
351 2768 412 2828 fnit
427 2770 523 2828 satius
538 2770 627 2847 vulgi
641 2770 679 2830 de
692 2790 776 2830 more
789 2772 847 2830 sub
860 2772 969 2830 umbra

235 2874 292 2914 eeu
306 2861 456 2934 temptare
470 2857 543 2914 iocis
559 2857 760 2935 Amaryllida,
777 2859 841 2917 sive
854 2858 992 2918 Neaerae

236 2944 346 3019 nugari
360 2963 430 3002 eum
445 2943 528 3001 crine
543 2945 698 3020 comisque
712 2944 843 3003 illudere
857 2943 982 3023 plexis?

236 3029 335 3106 gloria
347 3030 448 3089 calcar
462 3030 555 3088 habet
571 3031 750 3108 (versatque
765 3033 818 3090 ille
833 3032 961 3090 ultimus
976 3052 1064 3092 error

236 3116 436 3175 excellentem
452 3117 617 3194 animum),
633 3118 771 3177 stimulet
784 3118 865 3194 quod
880 3119 986 3178 vivida
998 3118 1090 3179 corda

236 3221 379 3279 spernere
394 3203 518 3262 delicias
533 3209 565 3262 et
580 3204 672 3263 duros
688 3205 800 3282 degere
816 3205 905 3264 soles.

231 3308 304 3348 eum
319 3293 424 3348 tamen
439 3294 542 3367 optato
557 3310 714 3368 speramus
728 3310 817 3369 posse
833 3293 925 3370 potiri

232 3395 359 3434 munere
374 3381 406 3434 et
419 3376 458 3434 ad
472 3377 585 3435 claram
602 3378 702 3436 subito
717 3378 776 3435 iam
792 3398 949 3454 emergere
963 3380 1074 3451 lucem,

234 3481 324 3522 caeca
339 3463 423 3521 venit
436 3463 518 3521 furia
532 3470 623 3540 atque
637 3465 738 3522 invisa
751 3464 856 3523 forfice
870 3466 952 3524 vitae

232 3551 337 3608 tenuia
349 3549 412 3608 filia
427 3555 528 3610 secat:
553 3550 625 3609 ‘sed
640 3551 761 3609 laudem
777 3572 836 3610 non
852 3559 954 3610 tamen
969 3552 1042 3623 illa,'

235 3637 279 3696 sie
294 3636 434 3700 Phoebus
450 3642 563 3710 eontra,
579 3657 614 3696 an
631 3640 777 3697 tremulas
793 3639 885 3697 simul
899 3640 1007 3715 attigit
1021 3657 1120 3697 aures.

988 3741 1151 3786 maan

537 3873 571 3930 N
572 3873 595 3932 sl
608 3893 665 3932 aon
678 3875 846 3934 ridiculam.

196 4042 203 4106 g·
224 4061 231 4067 »
245 4035 321 4089 2er
330 4023 516 4086 UANTUM
532 4032 580 4086 est
593 4027 735 4088 ridiculi!
757 4048 835 4105 quae
850 4049 898 4089 res
913 4034 977 4090 tam
991 4030 1070 4090 aeria
1083 4031 1172 4091 nobis

235 4114 285 4220 Ji
305 4141 312 4186 ,ι
352 4113 426 4189 quin
442 4112 557 4190 aliquid
573 4122 716 4193 praestet,
731 4116 773 4174 sit
788 4117 877 4176 modo
893 4136 979 4191 vena,
993 4115 1076 4178 ioci?

294 4217 303 4229 “
1116 4221 1147 4263 κ.
