2738 5016
372 904 604 965 SABRINAE
633 904 847 967 OOROLLA.
1054 904 1114 966 105

243 1041 308 1127 ’ἔχω
324 1036 356 1106 δὲ
371 1037 467 1106 παῖδα
481 1043 605 1113 πιστόν,
621 1041 747 1116 εὐνοίας
762 1040 869 1106 πλέων

243 1128 287 1202 ὡς
302 1125 411 1191 οὔποτ’
427 1126 532 1202 ἄλλος
546 1124 701 1201 δεσπότης
715 1130 873 1204 ἐκτήσατο.

242 1217 353 1297 πέμψω
369 1211 397 1279 δ’
412 1216 474 1299 ἐγώ
490 1242 538 1280 νιν
555 1220 607 1279 σοὶ
623 1211 771 1280 διάκονον
786 1213 892 1280 πέλειν

243 1302 332 1383 ἡμῶν
347 1300 372 1365 τ’
388 1302 505 1386 ἔρωτος
521 1299 664 1387 ἄγγελον
680 1305 892 1386 κεκρυμμένου.

1002 1407 1025 1450 J.
1043 1409 1068 1453 F.

392 1626 514 1684 Temulo
529 1628 656 1704 referant
671 1627 830 1686 sollemnia.

132 1892 135 1931 3
161 1851 209 1952 5}ss
227 1874 244 1952 ll
317 1896 356 1933 ne
371 1881 407 1932 tu
421 1876 567 1934 saevitiae
582 1895 637 1933 nos
653 1895 718 1952 age,
733 1896 810 1947 care,
825 1895 911 1936 reos:

126 1956 239 2033 >36²3ss
275 1982 344 2036 neu,
360 1981 438 2037 quae
452 1963 580 2040 pallenti
594 1963 719 2040 cupiant
734 1963 873 2022 inludere
890 1964 990 2037 morti,

242 2070 296 2130 per
311 2050 466 2107 tumulum
481 2068 602 2126 sparsas
617 2049 706 2107 crede
720 2050 829 2109 rubere
844 2069 938 2108 rosae.

200 2140 274 2214 quid
289 2137 323 2208 si,
337 2137 410 2194 dum
425 2137 557 2194 bibimus
571 2138 742 2213 fragrantia
756 2139 873 2215 pocula,
890 2137 984 2194 vestit

243 2243 335 2282 aurea
350 2223 431 2301 palla
445 2242 575 2293 umeros,
591 2223 684 2281 florea
699 2224 776 2282 vitta
789 2223 916 2282 comas?

200 2312 336 2381 taliane,
352 2312 449 2367 claros
464 2311 545 2368 inter
559 2311 723 2368 fortissime
738 2329 851 2382 manea,

241 2417 308 2455 rere
322 2403 394 2453 tuae
408 2396 506 2453 labem
520 2397 601 2454 festa
615 2397 726 2471 quietis
740 2398 800 2471 agi.

200 2485 342 2558 fingimus
359 2482 419 2540 heu
434 2483 506 2540 vani
522 2484 666 2541 simulato
681 2483 795 2559 gaudia
810 2484 884 2555 risu,

242 2577 273 2627 et
288 2570 382 2627 fallax
397 2571 499 2627 oculos
516 2569 569 2627 ille
584 2570 757 2646 triumphus
773 2571 849 2641 init:

198 2659 230 2714 in
246 2658 354 2714 calices
369 2657 475 2713 furtim
490 2657 685 2714 lacrimarum
700 2657 799 2714 stillat
813 2677 943 2730 amaror,

241 2745 322 2801 inter
336 2743 490 2818 singultus
506 2743 641 2800 carmina
656 2763 763 2802 manca
778 2744 902 2805 cadunt.

199 2850 255 2889 nos
270 2831 439 2904 gemimus:
463 2830 617 2888 celebrare
633 2836 754 2887 tuumst
768 2831 907 2889 florentia
921 2838 1031 2909 prata;

241 2923 315 2974 sunt
328 2917 383 2974 tibi
397 2918 531 2974 sincerae
545 2917 663 2974 somnia
677 2918 821 2989 laetitiae,

198 3023 336 3082 quaeque
350 3005 429 3061 malo
444 3004 539 3061 nescit
555 3005 656 3078 tingui
671 3024 806 3062 maerore
821 3006 972 3083 volupiae,

240 3097 271 3148 et
284 3092 350 3148 sine
365 3091 436 3148 felle
453 3092 530 3148 sales
546 3096 578 3147 et
593 3091 658 3148 sine
674 3091 757 3149 faece
772 3111 900 3150 merum.

472 3399 572 3456 Floria
587 3399 755 3474 eucarium.

212 3541 320 3636 3⁶:⁴35}
340 3548 578 3609 ANGUIDUM
593 3551 618 3610 si
633 3552 689 3610 flos
703 3551 889 3628 hyacinthus
904 3551 977 3611 elim

212 3624 224 3640 ’
248 3628 285 3721 {2¹¹
309 3664 319 3708 3
358 3656 473 3713 pronus
488 3639 618 3696 inclinat
632 3645 725 3716 eaput
738 3639 880 3710 intuenti,

211 3744 245 3764 .„·‚
261 3744 275 3760 τ
303 3724 320 3767 s
359 3743 495 3800 auguror
509 3726 606 3800 qualia
621 3731 744 3783 maneat
758 3725 907 3784 caducum

709 3831 758 3870 me
772 3832 893 3889 queque
906 3813 976 3871 finis
988 3834 1001 3871 :-

240 3915 371 3972 namque
385 3896 547 3956 demittam
560 3905 653 3977 caput
666 3899 732 3978 ipse
746 3901 880 3978 primum
893 3925 901 3973 3

241 3984 387 4042 clauserit
401 3985 472 4042 dein
487 4005 568 4044 mors
584 3987 709 4057 ocules;
732 4006 877 4065 suprema

238 4076 329 4145 sorte,
345 4073 489 4150 depastus
505 4075 635 4145 tumulo,
652 4074 805 4149 quiescam

709 4166 830 4240 tempus
845 4160 879 4219 in
893 4179 990 4218 omne.

938 4262 962 4308 0.
986 4260 1019 4305 Η.
1038 4261 1066 4305 G.
