2738 5016
281 835 335 892 viii
445 830 592 891 TRIUM
628 829 838 891 VIRORUM
866 827 1127 891 PRAEFATIO.

281 975 361 1028 esset
382 967 536 1028 credibile.
596 966 692 1026 Nobis
717 967 814 1042 igitur
843 967 900 1026 hcc
927 985 1004 1045 opus
1032 966 1284 1044 aggredientibus

281 1091 350 1151 spes
365 1072 419 1130 illu
433 1070 532 1129 calcar
548 1070 693 1142 subdidit,
708 1071 775 1130 fore
794 1077 831 1129 ut
845 1070 904 1128 viri
921 1071 1002 1129 tenti
1020 1077 1144 1146 tamque
1164 1070 1285 1148 egregie

269 1176 383 1238 meriti
414 1174 620 1233 “haerentem
649 1174 742 1252 cupiti
772 1174 871 1233 multe
899 1194 970 1234 cum
998 1173 1090 1234 laude
1113 1193 1252 1233 coronam
1264 1172 1284 1200 ”

282 1261 372 1340 novis
385 1271 659 1354 qualibuscumque
675 1277 799 1337 floribus
813 1263 1002 1338 ornaremus}

326 1383 364 1442 In
385 1381 506 1441 corolla
529 1381 719 1440 contexendo
738 1381 811 1457 quid
830 1383 941 1457 cuique
960 1380 1165 1454 debuerimus,
1180 1382 1284 1458 legen-

281 1489 365 1548 tibus
380 1485 439 1545 erit
454 1486 486 1543 in
498 1485 669 1563 propatulo.
701 1483 761 1558 Qui
772 1505 827 1544 nos
839 1491 894 1543 uut
907 1486 1057 1564 suppetiis
1071 1486 1285 1544 instruxerunt

282 1597 337 1650 uut
360 1591 493 1666 ingenuo
521 1588 625 1647 favore
653 1590 805 1666 prosecuti
834 1594 916 1661 suut,
944 1589 990 1660 iis,
1021 1594 1173 1666 quotquot
1203 1596 1283 1662 sunt,

283 1694 397 1773 gratius
412 1693 533 1770 egimus
549 1698 582 1751 et
594 1689 740 1750 habemus
756 1692 907 1770 ingentes,
951 1693 1058 1769 Neque
1072 1711 1145 1752 vero
1158 1693 1284 1751 dubium

283 1804 330 1858 est
345 1795 432 1856 uobis
447 1794 522 1873 quin
533 1795 625 1853 multi
642 1794 752 1870 ubique
767 1796 830 1854 siut
845 1795 1047 1874 Salcpieuses,
1059 1795 1112 1872 qui
1125 1796 1149 1854 si
1164 1796 1284 1855 consilii

283 1899 380 1961 nostri
403 1899 470 1958 fieri
493 1899 666 1976 potuissent
690 1899 844 1972 certiores,
870 1918 990 1958 summo
1011 1917 1067 1957 uos
1091 1899 1194 1958 studio
1216 1918 1283 1958 ner·

285 2005 390 2081 visque
412 2001 554 2061 omnibus
578 2000 716 2059 adiuturi
738 2002 862 2060 fuerint.
918 2003 984 2062 Hcs
1004 2002 1100 2078 igitur
1119 2003 1152 2060 in
1178 2003 1284 2080 primis

283 2115 314 2166 et
333 2106 515 2166 benevolum
538 2122 689 2181 quemque
711 2105 857 2165 lectorem
879 2105 968 2164 enixe
985 2124 1138 2182 rogemus,
1157 2112 1193 2164 ut
1214 2106 1285 2165 huic

283 2210 430 2289 opusculo
450 2214 555 2267 nostro
576 2208 707 2280 faveant,
725 2217 765 2281 et,
780 2209 806 2268 si
822 2210 920 2288 plura,
937 2209 1019 2285 quod
1039 2228 1207 2287 speremus,
1223 2229 1282 2268 nou

283 2312 501 2393 displicuerint,
529 2310 657 2370 maculis
686 2312 733 2383 iis,
763 2331 839 2388 quus
870 2312 1004 2370 humanu
1030 2331 1139 2390 purum
1169 2315 1285 2370 caverit

284 2422 401 2488 nutura,
417 2414 530 2474 offendi
544 2433 576 2473 se
591 2433 630 2472 ne
645 2415 811 2492 patiuntur.

392 2642 520 2693 Debemus
531 2642 688 2720 Iacobo—i*

347 2725 401 2778 Cel.
415 2725 487 2777 Febr.
499 2742 525 2776 s.
538 2740 559 2776 s.
574 2739 691 2776 uucccu.
