2738 5016
460 868 695 932 SABRINAE
723 870 929 933 COROLLA.
1151 870 1189 930 11

544 1215 659 1275 Grande
674 1214 831 1277 Certamen.

201 1333 230 1421 «ᾖ
245 1342 402 1455 ’ᾸΒΒΕ
413 1345 499 1404 iuvet
509 1363 605 1404 necne
616 1364 691 1416 esse,
703 1345 801 1403 hocin
814 1344 977 1403 discrimen
989 1344 1185 1419 agendumst:

207 1444 229 1505 {³
247 1427 310 1527 345]
346 1436 453 1490 utrum
467 1432 593 1491 tandem
607 1433 708 1490 animo
722 1433 763 1490 sit
775 1426 936 1490 honestius
952 1431 1159 1490 inmoderatae

194 1466 322 1584 [fanti
349 1519 475 1596 glandes
490 1518 676 1597 pertolerare
690 1523 722 1577 et
737 1518 855 1597 spicula
869 1518 1015 1589 fortunai‚

185 1627 227 1666 an
241 1614 347 1666 eontra
361 1625 522 1664 aerumnas
536 1605 636 1684 ipsum
651 1606 743 1663 maris
758 1606 856 1664 instar
867 1604 1014 1664 habentes

185 1714 272 1753 arma
286 1711 444 1771 capessere
458 1697 490 1751 et
505 1692 653 1751 obstando
667 1711 774 1770 pacare
788 1711 843 1770 par
858 1710 977 1750 aevum.

184 1800 269 1839 mors
284 1773 374 1858 sopor
388 1783 446 1855 est,
462 1779 506 1837 nil
520 1784 695 1856 praeterea3
718 1779 772 1837 sed
787 1779 865 1837 seire
880 1797 1021 1857 soporem

186 1887 276 1946 posse
290 1867 385 1925 animi
397 1884 526 1943 angores
541 1871 574 1926 et
587 1866 717 1924 vulnera
731 1868 852 1923 naturai

185 1953 431 2023 innumerabilia,
448 1953 591 2011 humanis
607 1952 783 2027 contingere
798 1957 895 2024 sueta,

186 2059 304 2120 pacare,
320 2046 368 2099 est
382 2040 469 2098 nobis
482 2039 634 2118 optandus
650 2038 793 2098 terminu‘
808 2038 889 2096 talis.

187 2146 269 2187 mors
285 2146 374 2205 sopor
388 2150 395 2199 ;
419 2131 451 2185 at
463 2126 528 2185 fors
542 2127 610 2186 visa
623 2127 704 2185 ferat
717 2145 825 2203 sopor:
850 2126 956 2184 haeret
970 2125 1012 2182 ibi
1027 2144 1088 2185 ras.

187 2215 301 2292 quippe
315 2214 428 2273 etenim
442 2232 547 2272 somno
561 2213 594 2271 in
608 2213 716 2270 mortis
731 2231 811 2289 quae
825 2211 943 2270 somnia
959 2217 1088 2290 possunt

187 2301 333 2372 accidere,
350 2319 478 2361 excusso
493 2300 631 2358 mortalis
646 2299 769 2357 turbine
783 2297 889 2358 vitae?

188 2389 261 2446 hine
275 2406 402 2465 pausam
419 2386 549 2457 damus;
570 2386 628 2445 hoe
643 2404 802 2464 perpenso,
818 2386 950 2461 denique
963 2385 1082 2444 eunetis

186 2474 344 2553 pergimus
359 2474 513 2531 aerumnis
527 2473 668 2532 affectum
684 2492 774 2550 porro
789 2490 882 2547 agere
895 2491 1016 2530 aarum.

188 2562 257 2637 quis
272 2560 405 2619 ludibria
419 2560 499 2618 enim
514 2565 607 2636 atque
621 2560 731 2617 aetatis
746 2559 873 2617 verbera
885 2558 991 2631 ferret,

188 2649 297 2724 quisve
313 2646 512 2725 superborum
526 2645 652 2705 fastidia
665 2646 767 2704 vimve
781 2649 942 2723 potentum

187 2733 361 2793 iustitiaeve
375 2753 484 2804 moras,
500 2733 569 2810 quis
585 2733 680 2811 spreti
693 2732 807 2791 vulnus
822 2732 935 2790 amoris

188 2822 346 2880 lictorisve
359 2821 556 2898 supercilium
571 2825 627 2878 aut
641 2819 768 2894 indigna
783 2820 932 2877 malorum

188 2908 271 2966 faeta
286 2906 397 2984 quibus
411 2912 525 2964 vexant
538 2906 717 2965 summissos
731 2907 825 2981 inque
838 2910 1001 2972 merentes,

188 3013 263 3053 ense
276 3012 361 3052 mero
374 2992 495 3052 tabulas
508 3012 578 3052 eum
594 2992 741 3051 conficere
754 2993 820 3070 ipse
833 2991 994 3070 potesset?

187 3082 257 3158 quis
273 3099 366 3157 grave
379 3099 456 3138 enus
470 3080 569 3138 fessae
583 3080 660 3138 vitai
675 3079 875 3158 pertoleraret

188 3188 261 3228 eum
275 3167 473 3242 grunnitibus
486 3186 523 3225 ae
536 3166 644 3225 multis
660 3165 823 3225 sudoribus
838 3165 948 3240 aegris,

189 3255 224 3313 ni
237 3260 340 3312 metus
354 3253 415 3324 ille,
430 3253 546 3329 aliquid
560 3253 648 3312 nobis
663 3252 747 3311 nain
761 3256 860 3310 morte
875 3251 1042 3322 ferat'fors‚

189 3342 284 3416 inque
297 3347 419 3419 reperta
430 3340 489 3399 loci
503 3340 593 3412 retia,
608 3359 627 3398 a
640 3359 701 3416 quo
715 3339 776 3398 fine
790 3339 892 3398 viator

190 3447 281 3486 nemo
293 3445 423 3503 usquam
438 3426 594 3504 remigrat,
609 3427 785 3504 perculsum
800 3424 982 3484 distraheret
997 3425 1072 3483 aar?

190 3532 266 3591 ergo
277 3512 388 3572 damna
403 3513 469 3591 pati
483 3513 657 3592 praesentia
669 3512 823 3571 malumus
838 3512 898 3569 ista

191 3619 285 3677 quam
300 3599 386 3659 nobis
400 3619 480 3658 nora
493 3599 668 3678 perfugium
682 3603 777 3676 atque
791 3598 947 3674 incognita
962 3597 1082 3656 habere.

189 3689 265 3747 haee
281 3687 401 3746 animus
415 3704 543 3746 versans
557 3685 680 3746 timidos
694 3706 751 3745 nos
765 3686 856 3745 effluit
870 3703 986 3756 omnes,

190 3776 378 3850 nativusque
392 3774 475 3833 eolus
489 3791 525 3832 aa
539 3778 666 3832 strenua
680 3772 728 3831 vis
743 3772 857 3830 animai

191 3861 354 3920 tabescunt
367 3878 477 3937 aegrae
490 3860 657 3938 palloribus
673 3860 768 3918 oblita
783 3877 874 3918 aurae
887 3880 895 3930 ;

191 3951 360 4024 coeptaque
371 3965 517 4026 persaepe
530 3948 654 4025 egregia
668 3951 700 4005 et
714 3947 870 4005 molimine
883 3964 996 4021 magno

192 4034 350 4095 declinant
363 4052 430 4093 sesa
443 4052 554 4112 pravos
569 4032 737 4093 rationibus
751 4034 819 4091 istis

192 4123 227 4180 iu
241 4139 362 4192 cursus,
375 4140 413 4180 ea
426 4140 504 4198 qnae
517 4119 642 4180 suerent
656 4121 715 4178 iarn
730 4120 858 4196 indigna
873 4119 985 4179 cluere.

991 4220 1022 4262 n.
1038 4220 1064 4261 s.
1081 4220 1104 4265 J.
1119 4220 1153 4263 ss.
