<?xml version="1.0" encoding="UTF-8"?>
<!DOCTYPE html PUBLIC "-//W3C//DTD XHTML 1.0 Transitional//EN"
    "http://www.w3.org/TR/xhtml1/DTD/xhtml1-transitional.dtd">
<html xmlns="http://www.w3.org/1999/xhtml" xml:lang="en" lang="en">
 <head>
  <title>
</title>
<meta http-equiv="Content-Type" content="text/html;charset=utf-8" />
  <meta name='ocr-system' content='tesseract 3.04.00' />
  <meta name='ocr-capabilities' content='ocr_page ocr_carea ocr_par ocr_line ocrx_word'/>
</head>
<body>
  <div class='ocr_page' id='page_1' title='image "./sabrinaecorolla00englgoog_0058.png"; bbox 0 0 2738 5016; ppageno 0'>
   <div class='ocr_carea' id='block_1_1' title="bbox 378 912 1110 974">
    <p class='ocr_par' dir='ltr' id='par_1_1' title="bbox 378 912 1110 974">
     <span class='ocr_line' id='line_1_1' title="bbox 378 912 1110 974; baseline 0 0"><span class='ocrx_word' id='word_1_1' title='bbox 378 912 609 974; x_wconf 77' lang='lat' dir='ltr'><strong><em>SABRINAE</em></strong></span> <span class='ocrx_word' id='word_1_2' title='bbox 641 912 846 973; x_wconf 77' lang='lat' dir='ltr'><strong><em>OOROLLA.</em></strong></span> <span class='ocrx_word' id='word_1_3' title='bbox 1075 913 1110 974; x_wconf 90' lang='grc'><strong>17</strong></span> 
     </span>
    </p>
   </div>
   <div class='ocr_carea' id='block_1_2' title="bbox 464 1264 755 1327">
    <p class='ocr_par' dir='ltr' id='par_1_2' title="bbox 464 1264 755 1327">
     <span class='ocr_line' id='line_1_2' title="bbox 464 1264 755 1327; baseline -0.004 -3"><span class='ocrx_word' id='word_1_4' title='bbox 464 1264 535 1324; x_wconf 89' lang='grc' dir='ltr'><strong>ΠΙ.</strong></span> <span class='ocrx_word' id='word_1_5' title='bbox 551 1264 603 1327; x_wconf 78' lang='lat' dir='ltr'><strong>Id</strong></span> <span class='ocrx_word' id='word_1_6' title='bbox 618 1267 755 1327; x_wconf 81' lang='lat' dir='ltr'><strong>Novemt.</strong></span> 
     </span>
    </p>
   </div>
   <div class='ocr_carea' id='block_1_3' title="bbox 187 1408 943 1640">
    <p class='ocr_par' dir='ltr' id='par_1_3' title="bbox 187 1408 943 1587">
     <span class='ocr_line' id='line_1_3' title="bbox 259 1408 943 1547; baseline -0.001 -65.997"><span class='ocrx_word' id='word_1_7' title='bbox 261 1501 263 1504; x_wconf 81' lang='lat'>.</span> <span class='ocrx_word' id='word_1_8' title='bbox 259 1408 531 1547; x_wconf 48' lang='grc' dir='ltr'><strong>ἭᾹΑΒΤΙΝΙ</strong></span> <span class='ocrx_word' id='word_1_9' title='bbox 546 1421 638 1480; x_wconf 83' lang='lat' dir='ltr'><strong>redut</strong></span> <span class='ocrx_word' id='word_1_10' title='bbox 651 1440 790 1481; x_wconf 89' lang='lat' dir='ltr'><strong>sacrum</strong></span> <span class='ocrx_word' id='word_1_11' title='bbox 813 1422 943 1481; x_wconf 84' lang='lat' dir='ltr'><strong>fluentes</strong></span> 
     </span>
     <span class='ocr_line' id='line_1_4' title="bbox 187 1478 921 1640; baseline -0.006 -68"><span class='ocrx_word' id='word_1_12' title='bbox 187 1506 199 1545; x_wconf 60' lang='lat'><strong><em>⁵</em></strong></span> <span class='ocrx_word' id='word_1_13' title='bbox 246 1524 299 1650; x_wconf 37' lang='lat' dir='ltr'><strong>pb„</strong></span> <span class='ocrx_word' id='word_1_14' title='bbox 282 1478 372 1640; x_wconf 60' lang='lat' dir='ltr'><strong>al</strong></span> <span class='ocrx_word' id='word_1_15' title='bbox 398 1513 518 1587; x_wconf 83' lang='lat' dir='ltr'><strong>tempus</strong></span> <span class='ocrx_word' id='word_1_16' title='bbox 534 1509 682 1568; x_wconf 75' lang='lat' dir='ltr'><strong>cervisiae</strong></span> <span class='ocrx_word' id='word_1_17' title='bbox 697 1508 763 1566; x_wconf 87' lang='lat' dir='ltr'><strong>dari</strong></span> <span class='ocrx_word' id='word_1_18' title='bbox 776 1509 921 1568; x_wconf 88' lang='lat' dir='ltr'><strong>culullos.</strong></span> 
     </span>
    </p>
   </div>
   <div class='ocr_carea' id='block_1_4' title="bbox 228 1552 990 4260">
    <p class='ocr_par' dir='ltr' id='par_1_4' title="bbox 228 1552 990 4190">
     <span class='ocr_line' id='line_1_5' title="bbox 246 1552 990 1674; baseline -0.001 -18.988"><span class='ocrx_word' id='word_1_19' title='bbox 246 1583 291 1664; x_wconf 60' lang='lat' dir='ltr'><strong>lgr</strong></span> <span class='ocrx_word' id='word_1_20' title='bbox 251 1552 366 1653; x_wconf 31' lang='lat' dir='ltr'><strong>&amp;pq</strong></span> <span class='ocrx_word' id='word_1_21' title='bbox 332 1596 372 1666; x_wconf 55' lang='lat' dir='ltr'><strong>vj</strong></span> <span class='ocrx_word' id='word_1_22' title='bbox 398 1597 512 1674; x_wconf 87' lang='lat' dir='ltr'><strong>quid&#39;</strong></span> <span class='ocrx_word' id='word_1_23' title='bbox 487 1616 514 1654; x_wconf 79' lang='lat' dir='ltr'><strong>si</strong></span> <span class='ocrx_word' id='word_1_24' title='bbox 529 1596 629 1673; x_wconf 89' lang='lat' dir='ltr'><strong>coepit</strong></span> <span class='ocrx_word' id='word_1_25' title='bbox 644 1595 762 1672; x_wconf 86' lang='lat' dir='ltr'>hiemps</span> <span class='ocrx_word' id='word_1_26' title='bbox 774 1596 813 1653; x_wconf 89' lang='lat' dir='ltr'><strong>ab</strong></span> <span class='ocrx_word' id='word_1_27' title='bbox 829 1616 899 1655; x_wconf 88' lang='lat' dir='ltr'><strong>arce</strong></span> <span class='ocrx_word' id='word_1_28' title='bbox 914 1597 990 1656; x_wconf 85' lang='lat' dir='ltr'><strong>caeli</strong></span> 
     </span>
     <span class='ocr_line' id='line_1_6' title="bbox 239 1681 807 1759; baseline -0.002 -19"><span class='ocrx_word' id='word_1_29' title='bbox 239 1701 358 1759; x_wconf 80' lang='lat' dir='ltr'>semper</span> <span class='ocrx_word' id='word_1_30' title='bbox 372 1684 534 1743; x_wconf 90' lang='lat' dir='ltr'><strong>deciduum</strong></span> <span class='ocrx_word' id='word_1_31' title='bbox 549 1701 672 1741; x_wconf 91' lang='lat' dir='ltr'><strong>movere</strong></span> <span class='ocrx_word' id='word_1_32' title='bbox 687 1681 807 1742; x_wconf 83' lang='lat' dir='ltr'><strong>solem?</strong></span> 
     </span>
     <span class='ocr_line' id='line_1_7' title="bbox 238 1767 776 1842; baseline 0 -16"><span class='ocrx_word' id='word_1_33' title='bbox 238 1774 272 1826; x_wconf 85' lang='lat' dir='ltr'><strong>at</strong></span> <span class='ocrx_word' id='word_1_34' title='bbox 286 1767 332 1826; x_wconf 86' lang='lat' dir='ltr'><strong>fas</strong></span> <span class='ocrx_word' id='word_1_35' title='bbox 347 1775 419 1828; x_wconf 85' lang='lat' dir='ltr'><strong>ants</strong></span> <span class='ocrx_word' id='word_1_36' title='bbox 432 1769 535 1829; x_wconf 89' lang='lat' dir='ltr'><strong>focum</strong></span> <span class='ocrx_word' id='word_1_37' title='bbox 550 1770 655 1828; x_wconf 83' lang='lat' dir='ltr'><strong>sedere</strong></span> <span class='ocrx_word' id='word_1_38' title='bbox 670 1769 776 1827; x_wconf 92' lang='lat' dir='ltr'><strong>nobis·</strong></span> <span class='ocrx_word' id='word_1_39' title='bbox 770 1815 776 1842; x_wconf 88' lang='lat'>,</span> 
     </span>
     <span class='ocr_line' id='line_1_8' title="bbox 237 1855 762 1935; baseline -0.002 -22"><span class='ocrx_word' id='word_1_40' title='bbox 237 1861 271 1914; x_wconf 88' lang='lat' dir='ltr'><strong>at</strong></span> <span class='ocrx_word' id='word_1_41' title='bbox 284 1855 376 1932; x_wconf 83' lang='lat' dir='ltr'><strong>lignis</strong></span> <span class='ocrx_word' id='word_1_42' title='bbox 389 1857 609 1935; x_wconf 74' lang='lat' dir='ltr'><strong>crepitantibus</strong></span> <span class='ocrx_word' id='word_1_43' title='bbox 623 1857 762 1914; x_wconf 84' lang='lat' dir='ltr'><strong>fruemur</strong></span> 
     </span>
     <span class='ocr_line' id='line_1_9' title="bbox 238 1944 776 2020; baseline 0.004 -21"><span class='ocrx_word' id='word_1_44' title='bbox 238 1944 341 2002; x_wconf 89' lang='lat' dir='ltr'><strong>securi</strong></span> <span class='ocrx_word' id='word_1_45' title='bbox 353 1944 535 2020; x_wconf 86' lang='lat' dir='ltr'><strong>niviumque</strong></span> <span class='ocrx_word' id='word_1_46' title='bbox 549 1944 776 2019; x_wconf 80' lang='lat' dir='ltr'><strong>fluminumque,</strong></span> 
     </span>
     <span class='ocr_line' id='line_1_10' title="bbox 239 2028 710 2090; baseline 0.008 -4"><span class='ocrx_word' id='word_1_47' title='bbox 239 2028 366 2086; x_wconf 88' lang='lat' dir='ltr'><strong>Martini</strong></span> <span class='ocrx_word' id='word_1_48' title='bbox 376 2030 525 2088; x_wconf 75' lang='lat' dir='ltr'><strong>redeunte</strong></span> <span class='ocrx_word' id='word_1_49' title='bbox 538 2030 607 2088; x_wconf 86' lang='lat' dir='ltr'><strong>luce</strong></span> <span class='ocrx_word' id='word_1_50' title='bbox 621 2031 710 2090; x_wconf 86' lang='lat' dir='ltr'><strong>festa.</strong></span> 
     </span>
     <span class='ocr_line' id='line_1_11' title="bbox 237 2114 919 2192; baseline 0.004 -19"><span class='ocrx_word' id='word_1_51' title='bbox 237 2119 284 2174; x_wconf 88' lang='lat' dir='ltr'><strong>est</strong></span> <span class='ocrx_word' id='word_1_52' title='bbox 299 2115 353 2192; x_wconf 92' lang='lat' dir='ltr'><strong>qui</strong></span> <span class='ocrx_word' id='word_1_53' title='bbox 367 2135 450 2174; x_wconf 89' lang='lat' dir='ltr'><strong>nuuc</strong></span> <span class='ocrx_word' id='word_1_54' title='bbox 465 2114 596 2173; x_wconf 88' lang='lat' dir='ltr'><strong>mediam</strong></span> <span class='ocrx_word' id='word_1_55' title='bbox 611 2115 788 2191; x_wconf 85' lang='lat' dir='ltr'><strong>frequentat</strong></span> <span class='ocrx_word' id='word_1_56' title='bbox 803 2117 919 2192; x_wconf 88' lang='lat' dir='ltr'><strong>arbem,</strong></span> 
     </span>
     <span class='ocr_line' id='line_1_12' title="bbox 237 2202 844 2281; baseline 0.003 -21"><span class='ocrx_word' id='word_1_57' title='bbox 237 2222 299 2279; x_wconf 87' lang='lat' dir='ltr'><strong>qua</strong></span> <span class='ocrx_word' id='word_1_58' title='bbox 313 2222 442 2281; x_wconf 82' lang='lat' dir='ltr'><strong>pompae</strong></span> <span class='ocrx_word' id='word_1_59' title='bbox 457 2207 489 2261; x_wconf 90' lang='lat' dir='ltr'><strong>et</strong></span> <span class='ocrx_word' id='word_1_60' title='bbox 501 2202 635 2260; x_wconf 79' lang='lat' dir='ltr'><strong>celebres</strong></span> <span class='ocrx_word' id='word_1_61' title='bbox 650 2202 764 2279; x_wconf 89' lang='lat' dir='ltr'><strong>ubique</strong></span> <span class='ocrx_word' id='word_1_62' title='bbox 779 2204 844 2262; x_wconf 89' lang='lat' dir='ltr'><strong>ludi</strong></span> 
     </span>
     <span class='ocr_line' id='line_1_13' title="bbox 235 2288 767 2367; baseline 0 -19"><span class='ocrx_word' id='word_1_63' title='bbox 235 2290 350 2349; x_wconf 78' lang='lat' dir='ltr'><strong>fallunt</strong></span> <span class='ocrx_word' id='word_1_64' title='bbox 365 2289 479 2349; x_wconf 86' lang='lat' dir='ltr'><strong>desidis</strong></span> <span class='ocrx_word' id='word_1_65' title='bbox 492 2288 625 2366; x_wconf 85' lang='lat' dir='ltr'><strong>Hesperi</strong></span> <span class='ocrx_word' id='word_1_66' title='bbox 639 2308 767 2367; x_wconf 79' lang='lat' dir='ltr'><strong>vapores</strong></span> 
     </span>
     <span class='ocr_line' id='line_1_14' title="bbox 235 2376 846 2448; baseline 0.002 -12"><span class='ocrx_word' id='word_1_67' title='bbox 235 2377 345 2448; x_wconf 91' lang='lat' dir='ltr'><strong>mimis,</strong></span> <span class='ocrx_word' id='word_1_68' title='bbox 360 2377 500 2447; x_wconf 83' lang='lat' dir='ltr'><strong>saltibus,</strong></span> <span class='ocrx_word' id='word_1_69' title='bbox 516 2376 657 2434; x_wconf 89' lang='lat' dir='ltr'><strong>omnibus</strong></span> <span class='ocrx_word' id='word_1_70' title='bbox 671 2377 846 2437; x_wconf 83' lang='lat' dir='ltr'><strong>cachinnis:</strong></span> 
     </span>
     <span class='ocr_line' id='line_1_15' title="bbox 235 2463 733 2541; baseline -0.004 -19"><span class='ocrx_word' id='word_1_71' title='bbox 235 2483 321 2541; x_wconf 89' lang='lat' dir='ltr'><strong>quae,</strong></span> <span class='ocrx_word' id='word_1_72' title='bbox 336 2463 453 2541; x_wconf 83' lang='lat' dir='ltr'><strong>regina,</strong></span> <span class='ocrx_word' id='word_1_73' title='bbox 469 2463 526 2521; x_wconf 92' lang='lat' dir='ltr'><strong>tibi</strong></span> <span class='ocrx_word' id='word_1_74' title='bbox 539 2463 625 2522; x_wconf 87' lang='lat' dir='ltr'><strong>fuere</strong></span> <span class='ocrx_word' id='word_1_75' title='bbox 639 2463 733 2534; x_wconf 89' lang='lat' dir='ltr'><strong>cordi,</strong></span> 
     </span>
     <span class='ocr_line' id='line_1_16' title="bbox 234 2549 820 2610; baseline -0.002 0"><span class='ocrx_word' id='word_1_76' title='bbox 234 2571 304 2610; x_wconf 90' lang='lat' dir='ltr'><strong>cum</strong></span> <span class='ocrx_word' id='word_1_77' title='bbox 317 2551 431 2610; x_wconf 86' lang='lat' dir='ltr'><strong>nostris</strong></span> <span class='ocrx_word' id='word_1_78' title='bbox 448 2551 538 2609; x_wconf 92' lang='lat' dir='ltr'><strong>modo</strong></span> <span class='ocrx_word' id='word_1_79' title='bbox 552 2550 671 2609; x_wconf 88' lang='lat' dir='ltr'><strong>lusibus</strong></span> <span class='ocrx_word' id='word_1_80' title='bbox 686 2549 820 2609; x_wconf 85' lang='lat' dir='ltr'><strong>favebas.</strong></span> 
     </span>
     <span class='ocr_line' id='line_1_17' title="bbox 234 2637 745 2707; baseline -0.004 -11"><span class='ocrx_word' id='word_1_81' title='bbox 234 2643 268 2696; x_wconf 84' lang='lat' dir='ltr'><strong>at</strong></span> <span class='ocrx_word' id='word_1_82' title='bbox 280 2658 340 2697; x_wconf 91' lang='lat' dir='ltr'><strong>non</strong></span> <span class='ocrx_word' id='word_1_83' title='bbox 353 2639 514 2696; x_wconf 86' lang='lat' dir='ltr'><strong>immemor</strong></span> <span class='ocrx_word' id='word_1_84' title='bbox 528 2637 578 2695; x_wconf 91' lang='lat' dir='ltr'><strong>hic</strong></span> <span class='ocrx_word' id='word_1_85' title='bbox 592 2637 664 2694; x_wconf 90' lang='lat' dir='ltr'><strong>boni</strong></span> <span class='ocrx_word' id='word_1_86' title='bbox 676 2637 745 2707; x_wconf 90' lang='lat' dir='ltr'><strong>diei,</strong></span> 
     </span>
     <span class='ocr_line' id='line_1_18' title="bbox 234 2724 844 2802; baseline 0.005 -19"><span class='ocrx_word' id='word_1_87' title='bbox 234 2725 388 2783; x_wconf 85' lang='lat' dir='ltr'><strong>Martinus</strong></span> <span class='ocrx_word' id='word_1_88' title='bbox 402 2725 461 2783; x_wconf 91' lang='lat' dir='ltr'><strong>sibi</strong></span> <span class='ocrx_word' id='word_1_89' title='bbox 476 2744 566 2802; x_wconf 87' lang='lat' dir='ltr'><strong>quem</strong></span> <span class='ocrx_word' id='word_1_90' title='bbox 583 2743 704 2782; x_wconf 88' lang='lat' dir='ltr'><strong>sacrum</strong></span> <span class='ocrx_word' id='word_1_91' title='bbox 721 2724 844 2787; x_wconf 87' lang='lat' dir='ltr'><strong>dicavit.</strong></span> 
     </span>
     <span class='ocr_line' id='line_1_19' title="bbox 233 2811 780 2890; baseline -0.004 -19"><span class='ocrx_word' id='word_1_92' title='bbox 233 2816 303 2890; x_wconf 90' lang='lat' dir='ltr'><strong>post</strong></span> <span class='ocrx_word' id='word_1_93' title='bbox 316 2812 415 2885; x_wconf 90' lang='lat' dir='ltr'><strong>ludos,</strong></span> <span class='ocrx_word' id='word_1_94' title='bbox 430 2811 562 2871; x_wconf 86' lang='lat' dir='ltr'><strong>abeunte</strong></span> <span class='ocrx_word' id='word_1_95' title='bbox 577 2812 649 2882; x_wconf 88' lang='lat' dir='ltr'><strong>sole,</strong></span> <span class='ocrx_word' id='word_1_96' title='bbox 666 2811 780 2870; x_wconf 89' lang='lat' dir='ltr'><strong>circum</strong></span> 
     </span>
     <span class='ocr_line' id='line_1_20' title="bbox 233 2899 843 2959; baseline 0.002 -2"><span class='ocrx_word' id='word_1_97' title='bbox 233 2904 389 2959; x_wconf 80' lang='lat' dir='ltr'><strong>cursantes</strong></span> <span class='ocrx_word' id='word_1_98' title='bbox 404 2899 542 2958; x_wconf 86' lang='lat' dir='ltr'><strong>titubant</strong></span> <span class='ocrx_word' id='word_1_99' title='bbox 555 2917 677 2957; x_wconf 90' lang='lat' dir='ltr'><strong>crucem</strong></span> <span class='ocrx_word' id='word_1_100' title='bbox 692 2899 843 2958; x_wconf 84' lang='lat' dir='ltr'><strong>forensem</strong></span> 
     </span>
     <span class='ocr_line' id='line_1_21' title="bbox 232 2985 718 3061; baseline 0 -18"><span class='ocrx_word' id='word_1_101' title='bbox 232 3005 302 3044; x_wconf 89' lang='lat' dir='ltr'><strong>cum</strong></span> <span class='ocrx_word' id='word_1_102' title='bbox 317 2986 501 3045; x_wconf 87' lang='lat' dir='ltr'><strong>saltantibus</strong></span> <span class='ocrx_word' id='word_1_103' title='bbox 516 2985 593 3043; x_wconf 87' lang='lat' dir='ltr'><strong>ebrii</strong></span> <span class='ocrx_word' id='word_1_104' title='bbox 607 2985 718 3061; x_wconf 87' lang='lat' dir='ltr'><strong>puellis</strong></span> 
     </span>
     <span class='ocr_line' id='line_1_22' title="bbox 232 3072 667 3152; baseline 0.002 -22"><span class='ocrx_word' id='word_1_105' title='bbox 232 3073 345 3131; x_wconf 88' lang='lat' dir='ltr'><strong>tirones</strong></span> <span class='ocrx_word' id='word_1_106' title='bbox 360 3091 528 3152; x_wconf 89' lang='lat' dir='ltr'><strong>operasque</strong></span> <span class='ocrx_word' id='word_1_107' title='bbox 542 3072 667 3131; x_wconf 82' lang='lat' dir='ltr'><strong>feriati:</strong></span> 
     </span>
     <span class='ocr_line' id='line_1_23' title="bbox 232 3157 838 3238; baseline -0.002 -21"><span class='ocrx_word' id='word_1_108' title='bbox 232 3157 301 3236; x_wconf 79' lang='lat' dir='ltr'><strong>quis</strong></span> <span class='ocrx_word' id='word_1_109' title='bbox 316 3179 399 3219; x_wconf 88' lang='lat' dir='ltr'><strong>seros</strong></span> <span class='ocrx_word' id='word_1_110' title='bbox 412 3161 515 3238; x_wconf 87' lang='lat' dir='ltr'><strong>gravis</strong></span> <span class='ocrx_word' id='word_1_111' title='bbox 528 3158 720 3236; x_wconf 88' lang='lat' dir='ltr'><strong>impigerque</strong></span> <span class='ocrx_word' id='word_1_112' title='bbox 735 3163 838 3216; x_wconf 88' lang='lat' dir='ltr'><strong>custos</strong></span> 
     </span>
     <span class='ocr_line' id='line_1_24' title="bbox 232 3244 790 3320; baseline -0.002 -16"><span class='ocrx_word' id='word_1_113' title='bbox 232 3248 362 3305; x_wconf 87' lang='lat' dir='ltr'><strong>tinnitus</strong></span> <span class='ocrx_word' id='word_1_114' title='bbox 377 3248 507 3306; x_wconf 88' lang='lat' dir='ltr'><strong>monitor</strong></span> <span class='ocrx_word' id='word_1_115' title='bbox 521 3245 601 3305; x_wconf 86' lang='lat' dir='ltr'><strong>ciet:</strong></span> <span class='ocrx_word' id='word_1_116' title='bbox 624 3244 790 3320; x_wconf 82' lang='lat' dir='ltr'><strong>iubeatque</strong></span> 
     </span>
     <span class='ocr_line' id='line_1_25' title="bbox 232 3332 773 3411; baseline 0 -21"><span class='ocrx_word' id='word_1_117' title='bbox 232 3334 292 3391; x_wconf 91' lang='lat' dir='ltr'><strong>iam</strong></span> <span class='ocrx_word' id='word_1_118' title='bbox 306 3352 373 3392; x_wconf 84' lang='lat' dir='ltr'><strong>sese</strong></span> <span class='ocrx_word' id='word_1_119' title='bbox 387 3352 464 3411; x_wconf 88' lang='lat' dir='ltr'><strong>puer</strong></span> <span class='ocrx_word' id='word_1_120' title='bbox 477 3334 609 3392; x_wconf 89' lang='lat' dir='ltr'><strong>invicem</strong></span> <span class='ocrx_word' id='word_1_121' title='bbox 625 3337 656 3390; x_wconf 92' lang='lat' dir='ltr'><strong>et</strong></span> <span class='ocrx_word' id='word_1_122' title='bbox 671 3332 773 3410; x_wconf 87' lang='lat' dir='ltr'><strong>puella</strong></span> 
     </span>
     <span class='ocr_line' id='line_1_26' title="bbox 231 3419 823 3497; baseline 0.003 -18"><span class='ocrx_word' id='word_1_123' title='bbox 231 3420 418 3497; x_wconf 87' lang='lat' dir='ltr'><strong>Martiniqae</strong></span> <span class='ocrx_word' id='word_1_124' title='bbox 432 3420 559 3478; x_wconf 86' lang='lat' dir='ltr'><strong>hilarem</strong></span> <span class='ocrx_word' id='word_1_125' title='bbox 575 3419 678 3478; x_wconf 88' lang='lat' dir='ltr'><strong>valere</strong></span> <span class='ocrx_word' id='word_1_126' title='bbox 693 3423 823 3481; x_wconf 87' lang='lat' dir='ltr'><strong>noctem.</strong></span> 
     </span>
     <span class='ocr_line' id='line_1_27' title="bbox 233 3505 752 3576; baseline -0.006 -11"><span class='ocrx_word' id='word_1_127' title='bbox 233 3508 383 3565; x_wconf 84' lang='lat' dir='ltr'><strong>Martinus</strong></span> <span class='ocrx_word' id='word_1_128' title='bbox 398 3505 512 3564; x_wconf 84' lang='lat' dir='ltr'><strong>referet</strong></span> <span class='ocrx_word' id='word_1_129' title='bbox 526 3527 596 3565; x_wconf 90' lang='lat' dir='ltr'><strong>suos</strong></span> <span class='ocrx_word' id='word_1_130' title='bbox 612 3507 752 3576; x_wconf 87' lang='lat' dir='ltr'><strong>honores,</strong></span> 
     </span>
     <span class='ocr_line' id='line_1_28' title="bbox 232 3592 944 3670; baseline 0 -18"><span class='ocrx_word' id='word_1_131' title='bbox 232 3594 373 3670; x_wconf 89' lang='lat' dir='ltr'><strong>quamvis</strong></span> <span class='ocrx_word' id='word_1_132' title='bbox 387 3593 483 3651; x_wconf 86' lang='lat' dir='ltr'><strong>flabra</strong></span> <span class='ocrx_word' id='word_1_133' title='bbox 497 3592 603 3651; x_wconf 82' lang='lat' dir='ltr'><strong>furunt</strong></span> <span class='ocrx_word' id='word_1_134' title='bbox 617 3592 768 3667; x_wconf 88' lang='lat' dir='ltr'><strong>nivesque</strong></span> <span class='ocrx_word' id='word_1_135' title='bbox 782 3601 812 3651; x_wconf 90' lang='lat' dir='ltr'><strong>et</strong></span> <span class='ocrx_word' id='word_1_136' title='bbox 823 3594 944 3652; x_wconf 86' lang='lat' dir='ltr'><strong>imbres.</strong></span> 
     </span>
     <span class='ocr_line' id='line_1_29' title="bbox 230 3679 808 3752; baseline -0.005 -12"><span class='ocrx_word' id='word_1_137' title='bbox 230 3679 284 3740; x_wconf 89' lang='lat' dir='ltr'><strong>sed</strong></span> <span class='ocrx_word' id='word_1_138' title='bbox 297 3680 370 3738; x_wconf 88' lang='lat' dir='ltr'><strong>fient</strong></span> <span class='ocrx_word' id='word_1_139' title='bbox 384 3680 579 3739; x_wconf 86' lang='lat' dir='ltr'><strong>memoranda</strong></span> <span class='ocrx_word' id='word_1_140' title='bbox 593 3681 700 3752; x_wconf 87' lang='lat' dir='ltr'><strong>multa,</strong></span> <span class='ocrx_word' id='word_1_141' title='bbox 717 3681 808 3739; x_wconf 89' lang='lat' dir='ltr'><strong>multi</strong></span> 
     </span>
     <span class='ocr_line' id='line_1_30' title="bbox 229 3766 831 3844; baseline -0.003 -18"><span class='ocrx_word' id='word_1_142' title='bbox 229 3766 355 3826; x_wconf 86' lang='lat' dir='ltr'><strong>stabunt</strong></span> <span class='ocrx_word' id='word_1_143' title='bbox 368 3767 521 3826; x_wconf 88' lang='lat' dir='ltr'><strong>iudicibus</strong></span> <span class='ocrx_word' id='word_1_144' title='bbox 536 3768 705 3844; x_wconf 87' lang='lat' dir='ltr'><strong>cadentque</strong></span> <span class='ocrx_word' id='word_1_145' title='bbox 719 3786 831 3838; x_wconf 86' lang='lat' dir='ltr'><strong>coram,</strong></span> 
     </span>
     <span class='ocr_line' id='line_1_31' title="bbox 228 3853 794 3930; baseline -0.004 -17"><span class='ocrx_word' id='word_1_146' title='bbox 228 3854 346 3913; x_wconf 91' lang='lat' dir='ltr'><strong>multus</strong></span> <span class='ocrx_word' id='word_1_147' title='bbox 363 3853 487 3913; x_wconf 87' lang='lat' dir='ltr'><strong>divitias</strong></span> <span class='ocrx_word' id='word_1_148' title='bbox 501 3854 654 3929; x_wconf 76' lang='lat' dir='ltr'><strong>relinquet</strong></span> <span class='ocrx_word' id='word_1_149' title='bbox 667 3854 794 3930; x_wconf 73' lang='lat' dir='ltr'><strong>harpax,</strong></span> 
     </span>
     <span class='ocr_line' id='line_1_32' title="bbox 228 3940 751 4017; baseline -0.004 -18"><span class='ocrx_word' id='word_1_150' title='bbox 228 3941 345 3999; x_wconf 86' lang='lat' dir='ltr'><strong>multus</strong></span> <span class='ocrx_word' id='word_1_151' title='bbox 360 3960 394 3999; x_wconf 87' lang='lat' dir='ltr'><strong>se</strong></span> <span class='ocrx_word' id='word_1_152' title='bbox 408 3947 563 3999; x_wconf 81' lang='lat' dir='ltr'><strong>veterator</strong></span> <span class='ocrx_word' id='word_1_153' title='bbox 576 3941 642 4017; x_wconf 91' lang='lat' dir='ltr'><strong>ipse</strong></span> <span class='ocrx_word' id='word_1_154' title='bbox 655 3940 751 4012; x_wconf 89' lang='lat' dir='ltr'><strong>fallet,</strong></span> 
     </span>
     <span class='ocr_line' id='line_1_33' title="bbox 228 4027 825 4105; baseline 0 -19"><span class='ocrx_word' id='word_1_155' title='bbox 228 4027 327 4086; x_wconf 87' lang='lat' dir='ltr'><strong>multa</strong></span> <span class='ocrx_word' id='word_1_156' title='bbox 341 4028 455 4104; x_wconf 85' lang='lat' dir='ltr'><strong>vulgus</strong></span> <span class='ocrx_word' id='word_1_157' title='bbox 470 4027 557 4085; x_wconf 88' lang='lat' dir='ltr'><strong>hians</strong></span> <span class='ocrx_word' id='word_1_158' title='bbox 574 4032 738 4105; x_wconf 84' lang='lat' dir='ltr'><strong>stupescet,</strong></span> <span class='ocrx_word' id='word_1_159' title='bbox 754 4032 825 4086; x_wconf 83' lang='lat' dir='ltr'><strong>ante</strong></span> 
     </span>
     <span class='ocr_line' id='line_1_34' title="bbox 228 4113 801 4190; baseline -0.002 -16"><span class='ocrx_word' id='word_1_160' title='bbox 228 4115 362 4175; x_wconf 86' lang='lat' dir='ltr'><strong>Martino</strong></span> <span class='ocrx_word' id='word_1_161' title='bbox 377 4134 434 4173; x_wconf 89' lang='lat' dir='ltr'><strong>sua</strong></span> <span class='ocrx_word' id='word_1_162' title='bbox 448 4114 527 4173; x_wconf 83' lang='lat' dir='ltr'><strong>festa</strong></span> <span class='ocrx_word' id='word_1_163' title='bbox 541 4134 632 4190; x_wconf 86' lang='lat' dir='ltr'><strong>quam</strong></span> <span class='ocrx_word' id='word_1_164' title='bbox 648 4113 801 4173; x_wconf 87' lang='lat' dir='ltr'><strong>redibunt.</strong></span> 
     </span>
    </p>

    <p class='ocr_par' dir='ltr' id='par_1_5' title="bbox 931 4219 959 4260">
     <span class='ocr_line' id='line_1_35' title="bbox 931 4219 959 4260; baseline 0.036 -1"><span class='ocrx_word' id='word_1_165' title='bbox 931 4219 959 4260; x_wconf 84' lang='lat' dir='ltr'><strong>s.</strong></span> 
     </span>
    </p>
   </div>
   <div class='ocr_carea' id='block_1_5' title="bbox 588 4353 605 4397">
    <p class='ocr_par' dir='ltr' id='par_1_6' title="bbox 588 4353 605 4397">
     <span class='ocr_line' id='line_1_36' title="bbox 588 4353 605 4397; baseline 0 0"><span class='ocrx_word' id='word_1_166' title='bbox 588 4353 605 4397; x_wconf 74' lang='lat' dir='ltr'><strong>(t</strong></span> 
     </span>
    </p>
   </div>
   <div class='ocr_carea' id='block_1_6' title="bbox 0 0 1374 5016">
    <p class='ocr_par' dir='ltr' id='par_1_7' title="bbox 0 0 1374 5016">
     <span class='ocr_line' id='line_1_37' title="bbox 0 0 1374 5016; baseline 0 5"><span class='ocrx_word' id='word_1_167' title='bbox 0 0 1374 5016; x_wconf 95' lang='lat' dir='ltr'><strong> </strong></span> 
     </span>
    </p>
   </div>
  </div>
 </body>
</html>
