2738 5016
447 881 686 944 SABRINAE'
714 883 928 947 OOROLLA.
1156 883 1196 942 29

185 1018 400 1096 importunum
416 1017 515 1078 Orous
529 1019 693 1098 strepitum
709 1021 816 1094 audiit,
833 1021 931 1082 Orous
946 1020 984 1078 ab
999 1021 1106 1080 aethra

185 1104 441 1184 praecipitantem
456 1105 594 1165 aethram
608 1107 697 1180 vidit,
711 1108 904 1186 pavidusque
919 1108 1054 1168 dedisset

185 1192 256 1270 ipse
270 1191 388 1266 fugam,
404 1191 437 1249 ni
450 1211 539 1251 oaeoa
553 1197 645 1252 tenu
660 1193 841 1252 fundamina
855 1195 955 1252 fatum

185 1278 312 1337 iecisset
323 1278 454 1336 nimium
468 1279 533 1338 ulta
546 1286 578 1338 st
590 1279 672 1339 idem
685 1280 815 1339 nimium
829 1289 896 1339 arta
911 1282 1048 1359 ligasset.

187 1371 293 1424 ternos
307 1370 355 1422 ter
369 1366 504 1425 cecidere
518 1366 602 1438 dies,
622 1368 742 1444 mugire
756 1369 846 1426 ruina

186 1452 355 1511 attonitum
371 1450 471 1511 Chaos
485 1472 575 1512 omne
591 1453 893 1532 deoemgeminosque
910 1455 1063 1514 tumultus

187 1558 244 1617 per
258 1539 369 1597 molem
385 1538 499 1598 sentire
512 1540 622 1598 rudem
634 1545 729 1617 atque
742 1540 885 1601 informia
899 1562 1003 1619 regna,

187 1631 296 1683 tantae
310 1624 406 1684 eladis
420 1631 487 1684 erat
500 1627 636 1686 violenta
650 1633 752 1705 strage
766 1633 940 1705 paratum.

187 1711 314 1770 taudem
330 1711 449 1770 Erebus
464 1712 547 1773 facto
560 1715 700 1791 integros
714 1715 830 1794 aooepit
844 1715 941 1788 hiatu,

188 1798 238 1857 his
250 1797 370 1856 Erebus
384 1799 494 1857 domus
508 1805 589 1879 apta,
605 1819 758 1879 supraque
773 1801 915 1863 inclusit:
939 1801 982 1860 ibi
997 1803 1078 1878 ignis

188 1884 277 1944 ardet
291 1885 478 1944 inextinctus
494 1887 713 1964 stabulantque
728 1895 760 1946 et
775 1890 879 1948 luotas
896 1894 928 1948 et
941 1908 1048 1964 angor.

991 1992 1021 2033 Η.
1037 1993 1064 2034 Α.
1079 1993 1102 2034 J.
1118 1993 1150 2036 n.

463 2259 497 2317 N
497 2279 552 2318 ano
558 2258 789 2336 soranosissimus
803 2259 918 2318 Arsaos.

198 2398 263 2465 ’Ἄ
283 2428 290 2493 j
333 2410 472 2470 ELIAEA
487 2430 558 2490 pars
572 2410 654 2483 anni,
671 2413 780 2471 florum
795 2412 974 2489 frondisque
987 2414 1128 2486 creatrix,

259 2499 316 2556 'tt
397 2498 458 2556 iam
472 2498 565 2557 viridi
578 2499 677 2557 valles
692 2504 724 2557 et
737 2499 811 2576 iuga
824 2505 910 2558 veste
927 2500 1022 2576 tegit;

199 2571 327 2651 “gv‘ssuj
353 2585 540 2661 colloquium
555 2585 672 2644 vocalis
687 2585 745 2643 init
759 2605 830 2645 oum
845 2605 987 2664 compare
1002 2593 1115 2659 turtur,

278 2674 358 2732 laete
373 2672 461 2730 novis
475 2672 589 2750 plumis
605 2672 711 2731 Attica
725 2677 833 2731 cantat
846 2673 923 2732 avis.

232 2778 289 2817 ver
302 2759 395 2818 rediit
408 2759 490 2818 ruri:
515 2758 576 2816 iam
591 2777 729 2836 quaeque
743 2759 914 2838 repullulat
927 2759 1030 2830 herbe,

280 2847 341 2905 ium
355 2845 449 2904 miset
462 2847 495 2928 in
510 2846 608 2905 vitreo
622 2864 750 2922 squama
764 2846 879 2905 refecta
893 2846 972 2906 laen.

234 2952 349 2993 cornua
363 2936 502 2991 mutatus
517 2933 679 3010 suspendit
691 2933 724 2990 in
739 2932 846 2992 arbore
860 2953 988 3003 cervus;

277 3020 358 3099 pelle
371 3038 470 3078 novus
483 3019 585 3097 posita
598 3038 721 3079 currere
735 3019 829 3097 gestit
842 3039 928 3097 oryx.

233 3126 290 3186 per
305 3106 456 3183 liquidum
472 3125 592 3165 muscas
608 3112 715 3165 tenues
731 3107 791 3164 cita
806 3113 910 3186 captat
925 3107 1076 3178 hirundo:

277 3193 388 3272 proicit
402 3192 561 3251 hibernam
575 3193 682 3271 vipera
696 3193 780 3271 piata
793 3195 907 3266 outim3

233 3281 343 3340 sedula
356 3279 465 3338 miscet
477 3279 544 3358 apis
558 3279 748 3356 fragrantem
763 3280 864 3338 mellis
879 3299 1034 3353 acervum,

277 3367 374 3446 pestis
388 3366 469 3425 enim
483 3366 592 3425 florum
608 3367 698 3424 noxia
711 3366 794 3442 fugit
807 3366 936 3444 hiemps.

233 3462 337 3514 cetera
350 3454 525 3514 laetantur:
551 3452 708 3530 deponunt
722 3459 824 3512 cetera
837 3472 944 3515 ouras:

278 3541 332 3600 sed
346 3540 422 3598 mihi
435 3540 580 3599 tristitiae
594 3539 694 3598 flebile
709 3541 819 3599 oreseit
834 3559 921 3599 onus.

577 3910 695 3985 Pauper
709 3909 743 3966 Η
744 3928 813 3969 eres.

256 4134 259 4141 ¹
277 4060 358 4152 ’,ζῖ
392 4061 543 4123 VITIAS
558 4068 653 4142 pater,
670 4061 759 4136 Aule,
776 4067 849 4121 tuus
863 4062 979 4139 legavit
992 4061 1095 4138 egenis

239 4146 264 4237 fssj
284 4132 329 4254 Ξξξῗ
344 4164 354 4251 'f
404 4151 467 4208 iam
481 4151 630 4211 moriens:
655 4151 744 4210 heres
759 4156 794 4208 tu
809 4154 896 4229 potes
911 4168 977 4208 esse
992 4150 1097 4227 patris.

252 4233 256 4241 ’
294 4236 358 4261 ‘⁹⁴'
1121 4250 1150 4289 s.
