2738 5016
453 868 694 933 ulamau
725 873 936 937 conotus.
1146 879 1187 940 45

398 1099 547 1162 Dutnmsu
560 1103 633 1179 quid
646 1122 704 1163 neu
718 1104 868 1166 imminuit
882 1101 970 1166 dica?

277 1250 307 1353 li
287 1250 404 1386 Q}
413 1264 454 1324 111
468 1264 551 1325 fama
563 1264 692 1336 confert,
707 1266 752 1325 nil
766 1267 856 1326 solidi
870 1288 968 1344 genus

280 1349 384 1415 ’μὴ
380 1374 403 1431 p
430 1359 463 1411 et
475 1371 525 1411 res
538 1352 655 1412 avitis
645 1373 679 1411 1n
693 1354 921 1431 penetralibus,

289 1442 301 1479 ¹<
317 1433 367 1507 '221-
372 1433 403 1508 ᾖξ’
474 1457 550 1516 quas
564 1457 657 1500 saeva
669 1459 732 1499 non
746 1448 904 1586 expugnat
916 1461 1000 1501 arces

512 1546 595 1586 mors
609 1526 765 1604 gelidam
756 1529 880 1607 imposit
882 1549 936 1588 nra
950 1529 1089 1590 dextram

352 1633 441 1692 reges
456 1613 489 1672 in
502 1611 610 1692 ipsos?
646 1633 719 1673 nam
733 1613 905 1674 diademata
918 1621 950 1674 et

354 1701 473 1762 deieeta
485 1719 616 1777 magnae
629 1706 749 1779 seeptra
764 1703 935 1778 tyrannidis

396 1809 467 1850 uum
481 1787 560 1846 falce
574 1793 607 1846 et
619 1788 736 1864 agresti
749 1788 854 1866 ligone

439 1879 522 1934 sorte
535 1874 603 1953 pari
616 1875 728 1953 premit
742 1893 839 1952 aequa
853 1876 958 1937 tellus.

347 1961 421 2039 qnid
435 1979 509 2022 ense
522 1980 664 2039 eampum
679 1961 706 2020 si
719 1963 810 2020 metit
825 1962 983 2022 horridum

353 2051 520 2126 laurusque
532 2047 602 2107 fuso
616 2048 649 2105 in
664 2049 815 2125 sanguine
828 2050 962 2108 conserit

395 2135 549 2195 bellator?
588 2134 672 2193 haud
686 2136 779 2195 vivax
794 2136 827 2193 in
841 2155 950 2195 aevum

437 2222 531 2282 robur
545 2220 639 2280 hebet
653 2221 787 2281 domitor
801 2222 975 2282 domantem

345 2327 500 2387 passurus.
543 2326 649 2367 omnes
664 2309 763 2368 serins
777 2309 862 2368 ocius

345 2397 378 2454 in
391 2395 493 2457 vinela
507 2400 622 2454 tractos
638 2413 693 2454 nee
709 2396 775 2454 sine
788 2396 946 2473 questibus

392 2484 488 2542 vitam
502 2482 711 2558 relinquentes
726 2482 883 2562 triumpho

434 2569 561 2629 funereo
575 2568 712 2628 Libitina
726 2571 818 2629 ducet

349 2675 505 2733 exsangue
518 2656 642 2733 vulgus.
690 2676 768 2734 pone
783 2657 965 2735 superbiam,

348 2744 399 2805 nui
411 2744 513 2803 fronte
527 2744 633 2802 laurus
649 2743 764 2804 defluit.
811 2763 849 2802 en
863 2744 917 2803 ubi

389 2831 498 2890 mortis
513 2835 686 2889 cruentatas
702 2849 827 2890 severas

433 2917 529 2994 tingit
542 2935 638 2977 ovans
651 2917 741 2977 modo
756 2918 864 2990 notor,
879 2917 960 2976 idem

345 3025 428 3065 nune
442 3004 577 3077 victima,
591 3023 670 3063 aras.
712 3025 800 3063 omne
814 3004 937 3080 quidem
951 3009 1044 3084 caput

345 3093 417 3152 olim
431 3091 471 3151 ad
485 3092 617 3170 sepulori
631 3092 748 3167 frigora
764 3092 881 3150 venerit
893 3115 901 3164 ;

389 3185 422 3238 at
435 3178 501 3238 sola
515 3179 667 3255 fragranti
680 3184 806 3237 coronat

431 3267 504 3326 flore
518 3284 634 3324 memor
648 3265 699 3344 pia
712 3266 794 3324 lacta
808 3283 939 3343 caespes.

986 3369 1013 3412 s.
1029 3370 1054 3412 r.

534 3540 570 3599 M
571 3558 654 3599 artus
669 3542 811 3599 Manlius.

183 3669 269 3752 'fl-'7
268 3668 306 3753 ΓΜ
297 3669 454 3738 'AROUS
468 3675 558 3736 obit?
580 3677 645 3735 fato
659 3677 808 3735 concessit
823 3676 984 3735 Manlius?
1007 3695 1081 3752 erge

175 3738 306 3883 ἑῶυ]
378 3764 513 3822 Manlius
529 3770 561 3822 at
576 3763 708 3835 Marcus,
724 3764 822 3822 nobile
836 3782 900 3840 par,
913 3763 1044 3822 valeant.

175 3831 220 3913 13¹
207 3812 306 3925 Αἱ]
336 3856 369 3910 et
380 3869 436 3911 vos
450 3850 582 3926 cognati,
597 3869 661 3922 vos,
677 3868 754 3925 gens
769 3856 890 3926 agnata,
904 3855 1010 3909 cavata

210 3995 213 4007 ,
302 3961 342 4001 ne
356 3938 450 3997 tellus
465 3937 572 3997 eadem
586 3956 697 3995 nomen
712 3943 878 4014 utrumque
894 3942 989 4012 tegat.

259 4028 354 4088 tutior
367 4024 417 4084 hie
431 4025 554 4083 Marcus
568 4027 710 4101 ponetur,
723 4023 858 4082 Manlius
873 4024 936 4082 1llre
948 4048 954 4095 ;

300 4111 474 4192 compositis
489 4131 551 4170 una
565 4112 632 4168 rixa
646 4110 764 4169 duobus
778 4111 847 4170 erit.

965 4213 994 4254 ll.
