2738 5016
448 885 688 949 811erva
717 886 929 948 OOROLLA.
1149 887 1187 948 ‘27

440 1224 550 1307 Μέγαν
566 1217 600 1287 δ’
609 1218 747 1296 ἐλέλιξεν
758 1219 939 1305 Ὄλυμπον.

211 1386 212 1389 ’
255 1373 516 1499 )Rt0T1NUS
530 1376 662 1436 incestos
677 1376 703 1434 it
717 1377 824 1453 nigrae
837 1379 958 1438 noctis
949 1401 981 1438 ru
996 1380 1101 1440 hostes

194 1365 313 1540 1
195 1438 322 1587 id*
348 1465 447 1523 instar
460 1463 596 1537 habens;
618 1463 696 1522 caeli
710 1464 829 1522 stabilis
844 1464 1035 1526 flammantia
1050 1469 1164 1547 templa

195 1536 246 1619 ii*
227 1546 322 1618 affl
348 1555 461 1609 nutant
474 1555 540 1610 tota
554 1550 630 1609 rotis
646 1549 753 1610 subter
767 1550 1048 1633 ferventibus,1psa

185 1639 260 1699 sede
275 1640 334 1698 Dei
347 1643 451 1696 tamen
466 1642 602 1716 excepta
644 1636 766 1712 iamque
780 1637 865 1696 44444
879 1639 940 1697 illis

186 1727 352 1786 intererat:
376 1725 485 1783 dextra
499 1724 689 1782 flammarum
703 1723 790 1781 milia
804 1725 882 1783 dena

186 1819 314 1892 prensat
326 1831 422 1888 agens
436 1815 507 1869 ante
522 1816 614 1886 atquc
629 1809 732 1886 intigit
747 1810 838 1869 corde
851 1810 909 1868 sub
923 1812 987 1871 4144

186 1903 300 1978 pestes.
344 1897 470 1957 attoniti
484 1902 605 1956 cessant
620 1896 777 1968 obsistere,
793 1904 894 1956 cessat

187 1986 283 2045 robur
297 1990 329 2044 et
342 2004 360 2043 4
373 1983 515 2043 manibus
529 1982 736 2062 procumbunt
748 1983 838 2042 444444
851 1984 921 2042 tela.

187 2078 275 2132 scuta
290 2091 391 2150 supra,
406 2090 500 2148 snpra
512 2070 615 2146 galeas
629 2070 811 2146 galeataque
825 2090 931 2147 regum

187 2178 431 2235 magnorumque
446 2158 558 2216 ducum
572 2157 675 2235 pergit
688 2157 789 2234 capita
803 2157 848 2216 ire
862 2159 1027 2219 iacentum.

188 2266 282 2323 quam
296 2245 411 2305 4411444
424 2246 538 2303 iterum
554 2252 682 2312 montes,
694 2249 833 2302 tutamen
847 2244 885 2302 ab
900 2245 955 2316 ira,

189 2334 315 2411 iusuper
329 2331 463 2410 imponi!
487 2349 542 2389 neo
557 2330 653 2388 setius
668 2330 765 2387 imber
779 2336 908 2406 utraque

187 2427 276 2499 parte
290 2419 474 2495 sagittarum
490 2416 648 2475 descendit
661 2416 793 2474 turbinis
808 2417 910 2476 instar

188 2511 337 2584 quattuor
352 2525 368 2563 e
381 2504 489 2562 formis
504 2503 696 2579 gestantibus
711 2523 764 2561 ora
778 2510 935 2579 quaterna,

188 2610 326 2671 4444444
341 2591 437 2650 444144
453 2591 598 2649 (144444444
611 2591 686 2660 4444,
701 2590 906 2666 distinctaque
922 2590 1036 2650 crebris

188 2699 327 2757 quaeque
342 2678 438 2736 oculis
453 2683 519 2736 rota
534 2677 606 2734 4444
620 2677 710 2734 modo
725 2677 876 2735 iaculatur
892 2679 1010 2738 eodem.

187 2768 243 2826 sed
256 2771 384 2826 cunctos
396 2784 481 2822 mens
498 2782 560 2822 una
573 2763 663 2840 regit,
679 2763 732 2821 sed
748 2763 881 2840 fulguris
896 2784 1000 2824 omnes

189 2858 276 2913 stant
288 2852 371 2911 oculi
383 2850 524 2923 flammis,
539 2850 622 2908 uude
636 2849 799 2909 exitiabilis
814 2851 895 2927 ignis

188 2940 299 2999 emicat
312 2938 459 2996 invadens
475 2936 691 2996 sceleratorum
706 2937 837 3013 agmina,
854 2957 984 3013 quorum

188 3027 237 3086 vis
251 3030 363 3084 exusta
376 3025 463 3103 perit,
479 3025 589 3082 solitus
604 3023 693 3098 vigor
707 3042 776 3082 ossa
790 3025 926 3100 reliquit,

188 3115 286 3189 fitque
302 3112 460 3182 exhausta,
475 3129 592 3187 exspes,
607 3111 717 3168 afflicta
732 3111 908 3186 abiectaque
922 3111 1023 3172 turba.

188 3199 245 3258 aed
259 3217 357 3275 neque
371 3198 512 3256 dimidias
527 3197 608 3256 vires
621 3202 743 3256 exercet
757 3203 789 3254 et
803 3197 905 3274 ignem

187 3287 280 3365 lapsu
294 3285 410 3343 inhibet
423 3285 533 3356 medio,
548 3302 648 3360 neque
662 3285 742 3342 enim
759 3289 823 3342 tam
837 3284 1013 3343 exscindere
1027 3288 1149 3361 gentem

188 3392 281 3450 quam
296 3372 379 3431 caelo
394 3371 494 3431 voluit
508 3371 658 3429 radicitus
674 3389 780 3429 eruere
794 3389 925 3431 omnem.

188 3478 312 3519 eversos
326 3459 409 3518 14444
422 3459 496 3536 4444,
511 3457 675 3535 gregisque
690 3476 727 3515 ex
737 3475 822 3516 more
835 3458 933 3516 coacti

187 3565 350 3625 caprarum
365 3544 505 3604 timidius
519 3545 623 3603 ovium
638 3544 730 3619 fugat
742 3543 865 3620 ignibus
881 3549 954 3602 ante

187 3634 315 3704 afflatos,
331 3633 404 3691 dum
418 3650 497 3710 pone
511 3637 611 3690 metus
626 3630 770 3706 diraeque
785 3635 932 3689 secuntur

187 3720 318 3778 adfines
332 3738 430 3795 usque
446 3724 477 3776 et
492 3717 644 3796 pellucida
656 3719 777 3776 moenia
791 3718 877 3777 44414.

187 3808 245 3865 illa
258 3811 366 3884 patent
377 3807 438 3864 1444
452 3811 545 3881 44444
559 3805 592 3862 in
607 3823 640 3862 44
654 3805 798 3863 44441444
810 3804 950 3862 lacunam

188 3893 310 3970 ingenti
324 3893 424 3970 spatio
437 3893 579 3969 pandunt
593 3890 632 3949 ad
646 3891 738 3949 inane
751 3890 950 3970 profundum.

188 3981 291 4039 visum
306 3979 442 4039 excussit
454 3984 542 4037 atrox
556 3982 725 4036 retrorsum
739 3978 872 4048 horrore,
888 3978 940 4035 sed
957 3978 1036 4035 ursit

189 4074 279 4143 terga
292 4070 395 4124 tamen
409 4065 500 4141 longe
515 4065 625 4144 peius:
648 4064 686 4122 de
700 4065 838 4140 margine
852 4065 929 4122 caeli

190 4155 267 4213 dant
281 4171 314 4211 se
328 4152 511 4230 praecipites
526 4175 533 4224 ;
555 4156 604 4208 444
618 4151 665 4208 444
679 4157 805 4209 aeterna
820 4150 962 4226 flagravit

189 4241 230 4299 ad
243 4258 364 4299 cassum
378 4239 476 4297 fundo
490 4245 561 4319 post
574 4238 643 4295 illos
659 4256 757 4313 usquc
772 4237 962 4298 barathrum.
