2738 5016
107 1741 173 1805 DE
207 1741 474 1808 HORTULIS
507 1742 574 1807 EX
608 1741 801 1824 QUIBUS
836 1738 1033 1806 FLORES

331 1892 632 1959 DEPROMPTI
670 1891 809 1958 SUNT.

68 2422 202 2483 moriac
228 2423 382 2492 donatam,
395 2425 429 2480 at
446 2421 525 2480 miili
546 2441 636 2497 ποιμα
657 2421 808 2481 Ecclesiae
829 2440 919 2497 usquc
943 2419 1070 2497 Oollcpio

67 2525 191 2586 mata
212 2527 297 2601 essct)
318 2523 427 2581 deinde
450 2526 715 2596 Gracnmcticclm
735 2529 767 2583 ct
790 2525 913 2584 Littcca'c
936 2525 1070 2583 doccadia

68 2629 229 2688 tumet.
255 2626 430 2704 Vectigalia
441 2627 506 2685 cius
519 2629 605 2685 auxit
617 2628 795 2687 Elisabetha
806 2628 934 2706 Regina,
944 2647 1071 2704 eamque

68 2733 114 2791 ita
134 2731 254 2808 legibus
280 2730 367 2789 bonis
383 2731 516 2789 firmavit
532 2739 567 2789 ut
584 2732 710 2792 Publica
726 2738 807 2792 asset
822 2738 854 2790 et
867 2731 986 2791 civibus
1001 2733 1070 2789 nni-

68 2837 165 2896 versis
177 2841 302 2914 pataret.
331 2834 441 2910 Itaque
451 2834 720 2896 Archididascalns
731 2837 796 2895 eius
808 2837 924 2914 primus
936 2835 1068 2895 Thomas

68 2942 217 3012 Astonus,
237 2939 284 2997 vir
306 2939 459 3015 egregius,
483 2958 592 2998 novem
616 2942 704 2998 annis
727 2940 892 3018 discipulos
914 2940 1070 3018 inscripsit

67 3044 245 3124 Oppidanos
273 3044 421 3101 ducentos
447 3048 479 3101 ct
503 3045 640 3120 triginta,
670 3045 797 3103 Alienos
822 3052 926 3103 autem
953 3045 1069 3123 septin-

67 3152 196 3225 gentos:
220 3164 348 3222 quorum
370 3145 578 3204 illustrissima
592 3146 654 3206 duo
668 3149 792 3206 nomina
806 3156 888 3216 sant,
906 3148 1067 3227 Philippus

67 3248 183 3326 Sidncy
196 3257 228 3306 at
244 3246 343 3305 Fulka
358 3247 503 3308 Gravillc.

113 3351 294 3430 ‘Philippus
314 3349 437 3427 Sidncy,
453 3351 534 3410 filins
550 3359 581 3411 at
595 3353 685 3412 heras
704 3353 831 3413 Henrici
846 3354 969 3430 Sidnap,
984 3353 1067 3411 Mili·

66 3455 119 3526 tis,
132 3454 170 3512 de
186 3453 359 3512 Penshurst
372 3453 404 3510 in
420 3451 574 3513 Comitatu
592 3453 727 3528 cantiae,
743 3474 859 3515 necnon
876 3455 1068 3516 Seraniasimi

66 3557 194 3619 Ordinis
214 3554 346 3616 Gartcrii
369 3556 499 3629 Militis‚'
516 3556 631 3634 ngiaa
646 3558 772 3617 Scholaa
787 3557 971 3636 Salopianais
986 3559 1067 3618 ordi-

66 3662 159 3721 nibus
179 3659 351 3737 adscriptns
375 3664 423 3717 ast
444 3678 472 3720 a.
490 3659 519 3718 d.
536 3661 598 3722 xvi.
617 3660 680 3721 Cal.
697 3663 726 3720 N
728 3682 776 3721 ov.
790 3679 815 3721 Α.
830 3677 853 3723 s,
869 3645 991 3720 ᾗῇ.
1007 3662 1067 3721 Pro

66 3764 254 3824 Batavorum
276 3761 423 3821 libertate
440 3782 581 3840 pugnans
596 3766 705 3824 cecidit
718 3766 829 3824 artium
845 3772 967 3824 centnm
982 3765 1067 3823 iuvo-

67 3869 116 3927 nis
131 3885 185 3929 ss.
200 3847 364 3926 iffi.
382 3865 432 3943 (P.
446 3864 492 3942 S.)

112 3971 228 4029 ‘nune
245 3969 375 4046 Gryviss,
390 3969 470 4027 filins
494 3977 525 4027 ct
544 3970 630 4028 heres
648 3971 739 4030 Fulki
757 3972 887 4050 Gryvill‚
904 3967 1067 4046 Armigari,

67 4075 106 4133 dc
121 4072 315 4150 Bcauchamp
327 4070 424 4132 Court
438 4071 471 4128 in
487 4070 643 4131 comitatu
653 4073 798 4147 Varvici‚’
812 4074 928 4151 chiac
940 4071 1067 4132 Scholac

67 4177 254 4255 Salcpiansis
279 4173 437 4233 ordinibus
459 4175 630 4253 adscriptus
654 4186 701 4235 cst
719 4198 746 4238 a.
767 4179 795 4237 d.
814 4180 876 4237 xvi.
897 4176 964 4238 cal.
985 4176 1066 4236 Nov.
