2738 5016
440 841 684 907 SABRINAE
715 845 924 910 GOROLDA.
1147 848 1183 910 tl

521 1196 681 1258 Insteio
695 1197 840 1257 Malitam.
925 1195 931 1205 '

203 1336 303 1446 {ppttz
323 1330 405 1390 [alell
420 1329 640 1391 Britannorum
655 1333 715 1393 iam
730 1335 829 1392 rarius
845 1334 977 1412 explicat
989 1353 1110 1411 agmen,

201 1423 292 1522 ”pipat
342 1417 475 1478 arcubus
490 1424 623 1478 armatos
639 1440 762 1482 omnes:
788 1424 864 1480 tunc
879 1440 986 1499 nempe
1000 1422 1159 1499 pharetrae

190 1498 314 1572 Lm}
340 1506 460 1584 primus
486 1505 582 1565 honos
610 1506 709 1582 bello;
746 1528 817 1566 nam
847 1527 908 1584 quo
936 1527 1022 1567 mens
1053 1527 1187 1585 cumque

440 1592 566 1666 iuberet,

269 1678 402 1756 dirigere
416 1678 585 1753 instabant,
599 1681 705 1739 letalia
718 1682 788 1753 tela,
805 1680 947 1757 sagittas,

263 1766 392 1825 vulnere
407 1785 558 1843 quamque
573 1787 630 1826 suo
643 1768 754 1825 fretam
767 1773 800 1827 et
813 1786 871 1826 saa
884 1768 949 1826 fata
962 1767 1119 1826 ferentem.

268 1853 315 1912 sic
329 1857 362 1911 et
375 1853 524 1913 sollicitas
539 1854 633 1913 alacri
647 1855 763 1913 virtute
776 1859 901 1913 ruentes

269 1958 393 1998 cernere
408 1958 481 2018 apes
494 1941 619 2018 poteris,
635 1941 729 2000 denso
743 1941 865 2018 quando
879 1941 1001 2017 agmine
1016 1940 1139 2016 signnm

268 2031 432 2104 expectant
447 2034 631 2105 servantque
644 2029 743 2099 fores3
765 2048 836 2086 mox
851 2028 959 2087 ordine
973 2028 1057 2085 iusso

270 2113 346 2171 dant
360 2113 476 2172 Boreae
491 2133 617 2192 pennas,
633 2115 702 2174 vela
716 2115 777 2174 heu
791 2114 872 2172 male
887 2114 983 2186 firma,
999 2113 1117 2191 procaci
1129 2136 1137 2185 ς

266 2201 294 2258 it
306 2218 361 2278 per
375 2219 465 2277 agros
478 2201 593 2259 infesta
606 2221 724 2275 manns,
739 2201 903 2280 populatur
914 2205 946 2259 et
959 2201 1075 2259 hortos.

267 2305 383 2362 gnaram
398 2293 431 2346 at
442 2286 497 2346 ille
510 2288 584 2346 mali
598 2289 816 2365 fugiturusque
830 2293 896 2347 arte
912 2288 1058 2366 periclum

267 2373 472 2451 suptilemqne
486 2375 581 2433 aciem
596 2379 797 2451 tenuatasque
810 2380 883 2433 ante
896 2375 1067 2453 phalangas

269 2461 407 2532 instruit,
422 2461 570 2521 interiora
586 2466 704 2540 petens,
719 2464 746 2520 si
761 2462 919 2540 impellere
934 2463 1050 2539 possit:

271 2546 368 2606 ardna
382 2548 481 2624 qualis
496 2548 557 2607 iter
570 2550 662 2625 longo
677 2549 811 2608 stridore
827 2568 939 2625 gruum
954 2549 1002 2607 vis

268 2653 324 2712 per
337 2633 435 2693 nubes
449 2635 552 2694 trifido
566 2655 660 2695 cursu
674 2642 777 2707 secat;
802 2637 887 2693 ocius
901 2635 985 2693 ultro

267 2720 502 2797 obstantemque
517 2723 635 2781 Notum
650 2727 682 2781 et
695 2722 844 2781 luctantia
858 2722 982 2779 flamina
996 2721 1133 2779 vincunt.

1009 2825 1044 2866 w.
1059 2823 1095 2866 w.
1112 2825 1138 2865 a.

568 3183 661 3242 Baria
677 3188 798 3243 amator.

344 3627 393 3666 me
408 3608 510 3686 potins
523 3609 612 3667 iuvet
624 3608 754 3667 errando
767 3613 870 3686 petere
884 3608 993 3666 intima
1006 3607 1097 3679 ruris,

344 3694 487 3771 quodque
500 3695 660 3754 salutifero
674 3696 820 3754 mortales
834 3696 946 3773 excipit
959 3713 1066 3771 aegros

344 3782 477 3861 hospitio
494 3801 601 3841 nemus
615 3787 707 3858 atque
721 3781 831 3841 umbra
845 3782 963 3840 solatur
977 3782 1091 3841 amica:

343 3868 416 3941 illic,
432 3888 494 3927 non
510 3887 657 3946 spernens
672 3869 805 3927 alienum
821 3870 927 3927 andire
940 3868 1084 3940 dolorem,

341 3955 408 4033 ipse
422 3956 498 4014 meis
512 3974 610 4032 aequo
623 3956 694 4015 fatis
709 3974 883 4015 assuescere
898 3957 988 4015 corde

342 4050 548 4121 expertusque
562 4043 637 4101 mali
651 4042 770 4101 miseris
786 4061 965 4103 succurrere
981 4041 1105 4100 discam

1021 4144 1052 4188 Η.
1069 4144 1100 4189 K.
1118 4144 1142 4189 S.
1159 4144 1183 4189 S.
