2738 5016
187 2219 297 2260 suaves
320 2201 390 2261 illas
412 2208 445 2260 et
466 2201 706 2279 lepore-plenas,
721 2200 802 2260 alter
819 2202 886 2280 pari
904 2201 1050 2260 felicitate
1066 2200 1186 2260 Antho-

189 2305 300 2381 logiam
325 2310 502 2364 contexeret
526 2303 740 2379 Oxoniensem,
767 2305 902 2364 eamdem
928 2303 1100 2363 insistimus
1126 2324 1187 2363 non

187 2408 378 2467 aemulantes
400 2427 455 2466 nos
480 2406 620 2484 quidem:
652 2409 734 2467 inter
763 2407 840 2467 duas
870 2407 950 2466 enim
974 2406 1186 2466 celeberrimas

145 2524 150 2536 “
186 2509 268 2569 orbis
291 2517 443 2568 terrarum
463 2509 641 2569 Academias
665 2529 822 2587 unumque
844 2510 965 2568 Ludum
988 2510 1185 2569 Litterarium

188 2614 354 2673 aemulatio
370 2631 437 2672 esse
451 2618 552 2691 potest
567 2613 669 2672 nulla:
694 2614 757 2687 sed,
769 2634 838 2674 cum
854 2614 999 2675 harumce
1013 2615 1185 2674 litterarum

187 2717 299 2788 studia,
329 2735 408 2792 quae
435 2734 578 2775 veremur
609 2736 647 2775 ne
671 2718 703 2775 in
729 2718 794 2777 dies
822 2717 1022 2790 obsolescaut,
1050 2721 1185 2778 nondum

186 2820 310 2898 penitus
332 2819 481 2879 excidisse
499 2819 682 2893 videremus,
699 2821 891 2880 condendum
913 2822 1087 2881 censuimus
1107 2823 1186 2881 eius-

187 2922 271 2982 modi
300 2929 541 2996 monumentum,
568 2923 650 3000 quod
679 2928 810 3002 posteris
840 2925 1012 2985 hominibus
1041 2927 1186 3000 traderet,

188 3031 309 3085 veteres
331 3026 402 3084 illas
422 3026 528 3086 Musas
545 3046 581 3086 ao
603 3024 751 3086 Camenas
771 3048 831 3087 non
853 3029 893 3088 ad
916 3028 1055 3088 Tamesim
1078 3031 1186 3103 solum,

187 3131 241 3191 sed
256 3131 288 3188 in
304 3129 449 3189 Sabrinoe
464 3129 554 3188 etiam
570 3130 644 3208 ripis
658 3131 823 3208 aliquando
837 3133 968 3210 vestigia
982 3134 1129 3212 posuisse.

232 3233 352 3293 Etenim
378 3232 436 3291 iam
461 3232 533 3291 anni
555 3239 630 3292 sunt
652 3235 783 3312 amplius
806 3237 1037 3313 quinquaginta,
1062 3257 1100 3298 ex
1126 3258 1186 3314 quo

187 3337 304 3414 Regiae
329 3334 458 3395 Scholae
482 3335 651 3414 Salopiensi
673 3339 847 3415 praefectus
869 3345 916 3398 est
936 3339 1088 3400 Samuelis
1109 3342 1186 3400 But-

185 3441 280 3514 ierus,
294 3439 343 3497 vir
365 3440 447 3498 omni
470 3439 561 3500 laude
583 3442 794 3518 praestantior.
841 3441 900 3516 Qui
918 3444 992 3520 quid
1009 3446 1048 3504 ad
1067 3446 1185 3506 litteras

186 3544 328 3621 antiquas
343 3542 532 3616 excolendas,
544 3544 618 3621 quid
633 3544 671 3602 ad
685 3564 796 3623 pueros
812 3545 967 3605 liberalius
981 3549 1185 3611 instituendos

186 3646 361 3717 contulerit,
378 3646 480 3705 sciunt
499 3647 621 3721 quidem
641 3647 748 3708 multi:
775 3648 884 3724 quibus
903 3656 1006 3709 autem
1023 3652 1184 3712 difficulta-

186 3751 269 3810 tibus
289 3749 461 3809 obluctetus
476 3748 508 3808 id
522 3749 665 3822 effecerit,
680 3751 785 3828 paucis
801 3752 944 3823 innotuit,
961 3755 1114 3832 plerisque
1132 3759 1184 3816 vix

467 3938 556 3990 Multis
567 3940 608 3990 ille
620 3942 690 3991 bonis
702 3941 791 3992 flebilis
801 3943 898 4004 occidit,

467 4018 536 4068 Nulli
547 4018 652 4068 flebilior
663 4036 738 4084 quam
750 4021 821 4085 milii,

185 4099 230 4162 qui
249 4098 366 4146 eximiam
387 4096 453 4146 illius
473 4099 521 4146 viri
541 4096 647 4146 indolem
668 4113 713 4163 per
732 4114 811 4148 annos
833 4099 939 4164 amplius
961 4101 1065 4164 triginta
1087 4105 1187 4166 penitus

184 4189 419 4238 signaveram-x.
