2738 5016
442 869 681 932 SABBINAE
712 871 924 933 COltOLLA.
1144 861 1190 929 t7‘

449 1282 578 1358 Quaque
590 1302 656 1342 suos
665 1282 801 1359 potimur
814 1301 923 1341 mones.

235 1431 324 1517 ’ΝΤ
333 1436 338 1445 ’
347 1436 424 1497 [tes
439 1456 517 1513 quae
531 1455 579 1496 me
592 1436 700 1513 gennit
715 1437 846 1515 positast
859 1437 890 1495 iu
904 1435 1006 1496 litoris
1020 1454 1081 1508 ora,

216 1564 238 1593 ¹„
253 1510 298 1610 ,(ζὲ
308 1514 325 1593 ᾗ
363 1543 423 1600 qua
435 1523 547 1593 Padus,
557 1542 696 1582 errorum
707 1523 841 1599 requiem
854 1525 912 1581 iam
925 1528 1028 1582 certus
1042 1522 1183 1595 habendi,

216 1608 242 1661 2²1
251 1596 329 1683 I÷}'³j
363 1611 519 1669 descendit
533 1610 681 1669 comitum
695 1616 785 1669 coetu
800 1611 932 1688 stipatus
947 1628 1107 1686 aquarum.

226 1699 325 1758 dulcis
341 1717 434 1771 amor,
451 1697 563 1774 raptim
578 1697 712 1773 ingenuo
730 1698 783 1773 qui
796 1704 917 1775 pectore
933 1697 1044 1773 gliscit,

227 1785 361 1863 corporis
377 1785 459 1842 hunc
474 1785 572 1843 forma
585 1785 667 1861 oepit
682 1788 869 1862 praestante,
884 1783 960 1842 mihi
974 1784 1045 1841 olim

228 1872 342 1949 erepti:
368 1871 489 1949 plagam
506 1872 556 1929 vel
572 1891 653 1930 nunc
667 1890 725 1947 ego
739 1871 896 1930 abominor
909 1871 1005 1930 illam.

228 1958 324 2016 durus
338 1976 432 2029 amor,
450 1958 528 2015 nulli
543 1957 597 2033 qui
611 1977 643 2016 se
658 1959 812 2017 condonat
826 1964 936 2030 amate,

227 2063 276 2103 me
291 2064 414 2102 rursum
428 2064 526 2120 usque
539 2045 615 2102 adeo
628 2045 711 2123 cepit
725 2045 884 2103 dulcedine
898 2044 1039 2116 amantis,

228 2136 264 2189 ut
276 2131 352 2189 mihi
367 2133 554 2191 nuncetiam
570 2131 675 2190 videas
690 2131 835 2190 decedere
849 2132 942 2191 nolle.

228 2237 340 2277 saevus
355 2237 441 2277 amor
455 2238 510 2276 nos
525 2217 598 2276 inde
612 2237 719 2276 necem
733 2218 879 2296 perduxit
892 2219 931 2277 ad
945 2236 1057 2289 nnam;

228 2309 383 2364 auctorem
399 2305 492 2365 Caino
506 2305 588 2363 necis
603 2305 723 2363 manet’.
740 2305 888 2364 hactenus
903 2306 967 2365 isti.

228 2397 393 2469 postquam
410 2392 605 2466 indignantes
621 2390 727 2449 andivi
742 2392 860 2450 effarier
876 2392 1009 2464 umbras,
1070 2450 1078 2467 ‚

228 2479 346 2537 lumina
361 2478 456 2537 deieci
472 2477 650 2554 defixusque
665 2497 717 2537 ora
730 2479 880 2550 tenebam,

228 2585 298 2624 cum
312 2565 437 2623 tandem
454 2571 537 2623 vates
554 2566 675 2623 ‘animo
690 2565 764 2641 quid
779 2567 880 2624 volvis
891 2564 924 2624 ?’
946 2566 1040 2624 atilli

229 2653 273 2712 sio
287 2672 376 2711 orsus
390 2652 490 2710 refero
506 2656 640 2727 ‘quanta
655 2658 687 2709 et
700 2671 792 2728 quam
808 2658 896 2728 grata
911 2654 1031 2731 cupido,

229 2739 290 2798 heu
305 2739 375 2809 heu,
392 2743 526 2814 quantus
540 2758 626 2796 amor
640 2739 759 2797 cladem
773 2740 949 2817 importavit
964 2739 1102 2799 acerbam
1115 2737 1145 2798 l’

229 2830 297 2884 tum
312 2845 479 2884 conversus
494 2827 532 2884 ad
546 2826 611 2897 hos,
629 2826 780 2897 ‘miseret
797 2827 968 2899 Francisca,
983 2827 1030 2884 tui
1042 2825 1109 2884 me‘

230 2913 342 2992 incipio
359 2913 577 2988 ‘lacrimasque
592 2919 696 2971 movet
709 2918 783 2970 tuus
798 2912 907 2971 anxius
922 2933 1029 2991 angor.

230 3019 337 3058 verum
350 3018 408 3076 age
419 3000 468 3058 dic
482 2999 580 3070 nobis,
593 3000 673 3057 inter
688 3000 819 3076 suspiria
833 2998 988 3075 quondam

228 3086 341 3145 blenda
352 3086 433 3163 qnod
446 3085 602 3157 iudicium,
618 3105 695 3163 quae
710 3087 834 3144 tandffln
849 3087 887 3144 ab
901 3106 1005 3145 amore
1018 3084 1170 3145 dabantur

229 3174 328 3252 signa,
343 3174 454 3251 quibus
471 3172 564 3231 dubia
578 3173 745 3231 anteferet
759 3172 925 3231 manifesta
937 3174 1049 3251 cupido
1060 3170 1093 3231 θ’

230 3262 275 3319 sic
288 3280 355 3338 ego,
370 3260 471 3318 atille
486 3260 563 3317 mihi
579 3263 720 3338 ‘tempus
735 3259 911 3318 meminisse
926 3261 1051 3318 beatum

230 3353 278 3406 est
291 3348 411 3406 miseris
427 3347 514 3405 dolor
529 3345 683 3419 infandus,
699 3347 759 3405 scit
772 3350 809 3404 ut
823 3347 881 3404 iste
896 3348 1052 3423 magister.

230 3434 284 3494 sed
298 3435 325 3493 si
339 3439 444 3492 tantus
459 3453 545 3492 amor
558 3433 687 3511 primam
701 3452 884 3509 cognoscere
899 3434 997 3492 nostri

229 3521 362 3580 radicem
376 3539 474 3591 casus,
490 3519 599 3579 faciam
611 3519 649 3578 de
663 3540 747 3578 more
761 3520 891 3579 dolentis

229 3607 419 3683 dicentisque
435 3608 537 3666 simul.
578 3607 680 3683 legere
691 3607 764 3664 olim
778 3607 859 3665 forte
874 3607 999 3665 iurabat

229 3713 294 3766 uos,
310 3694 501 3753 Lancilotum
517 3693 564 3750 vis
580 3700 616 3752 nt
631 3699 790 3770 torqueret
803 3694 923 3753 amoris.

229 3781 313 3841 solus
328 3786 395 3840 erat
411 3800 538 3851 mecum,
555 3799 742 3856 securusque
756 3780 815 3838 iste
830 3781 943 3858 pericli,

229 3887 337 3928 secura
349 3869 417 3946 ipsa
431 3868 493 3928 fui:
519 3873 587 3924 turn
602 3886 691 3944 saepe
706 3867 879 3943 legentibus
894 3885 956 3924 una
1053 3897 1055 3901 ·
1166 3856 1171 3863 ’

228 3974 396 4015 convenere
412 3956 501 4028 oculi,
515 3960 582 4013 tum
597 3974 658 4012 non
673 3954 756 4012 color
770 3953 873 4012 oribus
887 3953 976 4011 idem.

228 4062 285 4102 nec
299 4043 360 4100 nisi
375 4047 563 4100 momentum
577 4043 693 4100 interea
707 4059 762 4099 uos
778 4041 894 4099 vicerat
909 4059 1003 4098 unum
1017 4063 1023 4100 :

227 4131 303 4189 dnm
317 4129 458 4204 legimus,
475 4129 564 4187 dulce
579 4135 615 4186 ut
629 4128 758 4186 ridentis
773 4133 880 4186 tantos
895 4132 1013 4185 amator

228 4217 334 4276 oscula
349 4215 466 4288 libaret,
481 4215 591 4273 libavit
605 4218 636 4273 et
652 4215 756 4272 oscula
771 4219 876 4272 nostra
