2738 5016
410 894 646 958 SABRINAE
677 895 889 956 GOROLLA.
1109 894 1148 954 89

507 1151 598 1209 Maec
611 1155 688 1209 octat
703 1151 786 1208 mori.

244 1295 254 1306 ‘
289 1293 301 1314 ¹
325 1312 327 1321 ,

250 1340 254 1357 ι
281 1316 345 1388 „ft
376 1307 432 1365 ΕΝ
445 1306 518 1365 licet
532 1306 649 1364 aestivo
664 1323 853 1383 componere,
870 1305 942 1375 vita,
958 1304 1043 1364 diei?

265 1399 294 1458 jn}
309 1403 359 1445 ‘x
438 1398 471 1451 at
486 1398 521 1450 tu
536 1392 681 1470 temperie
695 1392 871 1450 candidiore
885 1392 995 1469 places.

246 1471 304 1530 ‘'[J'.
286 1513 316 1527 ‹
314 1453 360 1529 ἦ
396 1481 470 1538 Maii
485 1479 612 1538 deliciae
628 1479 717 1536 flores
733 1478 897 1556 rapiuntur
910 1478 948 1536 ab
964 1478 1064 1548 Euris,

276 1572 391 1646 ettspa
392 1568 420 1626 ia
435 1567 544 1626 aestati
559 1585 625 1624 sors
641 1565 726 1623 dedit
739 1572 806 1622 arta
820 1565 922 1624 nimis.

232 1655 388 1713 interdum
404 1654 498 1711 nimio
513 1653 603 1711 Titan
618 1652 739 1728 fulgore
753 1652 885 1724 calescit,

276 1761 386 1799 aureus
402 1741 556 1798 interdum
572 1739 674 1797 deficit
689 1739 750 1796 oris
764 1739 878 1810 honor;

232 1829 419 1908 pulchraque
433 1846 516 1884 nunc
530 1845 633 1884 rerum
645 1825 763 1884 vicibus
777 1844 859 1883 nunc
874 1824 997 1883 turbine
1012 1825 1068 1881 fati

275 1917 377 1974 omnia
392 1919 559 1984 mutantur,
576 1931 640 1985 uec,
656 1912 837 1983 volutante,
853 1913 970 1988 rigent.

229 2003 285 2061 sed
300 2002 356 2060 tibi
370 2000 452 2078 quod
466 1999 618 2078 pulchrist
633 1999 718 2058 nullo
734 1998 880 2058 defecerit
895 2018 987 2070 aevo;

274 2109 335 2146 nou
350 2091 409 2147 erit
424 2087 548 2145 aestatis
564 2087 663 2163 gloria
676 2086 759 2143 fluxa
774 2091 863 2144 tuac:

230 2195 398 2252 numquam
413 2194 492 2232 rana
507 2174 570 2231 suis
584 2178 615 2231 te
629 2173 713 2231 Mors
729 2172 925 2249 adscripserit
940 2171 1066 2241 umbris,

275 2264 328 2321 sed
343 2269 415 2319 taus
430 2267 552 2319 aeterno
567 2259 701 2318 carmine
717 2265 833 2317 crescet
847 2259 962 2319 honos.

226 2350 303 2408 dum
318 2351 432 2449 spirare
448 2347 595 2419 homiues,
607 2346 688 2405 oculi
702 2345 776 2402 dum
791 2364 914 2404 cernere
928 2352 1068 2424 possunt,

275 2438 339 2494 vivi
342 2442 457 2512 tteque
473 2437 558 2492 vetat
575 2439 679 2491 nostra
694 2431 826 2491 Camena
842 2433 930 2494 mori.

1073 2535 1102 2576 u.

413 2863 486 2922 aar·
502 2882 605 2921 amans
619 2883 675 2921 aori
688 2862 750 2921 sine
763 2865 864 2925 rivoli.

200 3001 517 3131 '25322'mOTOSQUE
533 3031 646 3089 pravus
661 3011 711 3070 hic
726 3031 810 3070 amor
825 3014 885 3072 mei
900 3014 985 3072 visus

204 3089 248 3169 ,ᾖ
346 3103 392 3156 tot
395 3119 506 3173 umque
521 3105 637 3175 pectus,
652 3118 741 3157 omne
755 3100 890 3176 possidet
904 3101 1085 3171 membrum,

196 3171 284 3237 ›⁸⁶1ss
288 3165 304 3239 ·ῖ’
346 3186 433 3263 pravi
448 3204 503 3243 nec
519 3184 650 3242 ullumst
665 3185 758 3244 huius
772 3187 1027 3260 adlemmentum,

272 3272 314 3328 sic
330 3271 420 3328 corde
434 3273 465 3328 in
481 3273 579 3349 ipsost
594 3271 796 3348 funditusque
811 3273 969 3333 fundatus.

273 3377 306 3414 os
322 3363 384 3415 tam
402 3366 565 3415 venustum
582 3377 674 3434 quam
690 3378 801 3429 meum,
817 3365 901 3437 puto,
916 3362 1004 3433 nulli,

272 3450 337 3501 tam
351 3464 424 3502 vera
441 3444 548 3514 forma,
564 3445 740 3521 veritasque
753 3451 816 3503 tam
832 3466 918 3519 rara3

270 3531 443 3607 definioquo
458 3532 501 3588 sic
517 3532 593 3589 mihi
608 3550 692 3589 meas
708 3531 802 3603 dotes,
816 3578 821 3586 .

270 3638 382 3676 omnes>
393 3618 450 3694 ego
465 3618 549 3676 omui
563 3618 634 3677 dote
649 3624 766 3678 ceteros
783 3619 880 3679 vinco.

271 3705 440 3781 imaginoso
455 3708 492 3762 ut
506 3724 554 3763 me
569 3710 674 3763 tamen
688 3705 768 3764 vitro
784 3706 848 3764 vidi

270 3797 378 3849 tusum
392 3798 483 3867 atque
498 3793 608 3850 tritum
623 3793 764 3868 squalida
778 3798 942 3865 vetustate,

272 3878 333 3936 mei
344 3879 426 3936 huno
442 3898 576 3938 amorem
590 3885 657 3937 tum
673 3880 743 3958 lego
758 3884 967 3940 retroversus:

272 3984 375 4023 amaro
390 3966 434 4024 sic
449 3985 482 4024 se
497 3985 617 4025 summa
630 3967 777 4042 iniquitas
792 3974 883 4027 esset.

271 4071 339 4109 eum
355 4057 389 4109 tu
403 4053 477 4130 ipsc,
495 4053 547 4128 qui
562 4072 610 4111 me
624 4054 861 4132 praedicaverim
877 4074 932 4132 pro
949 4060 979 4113 te

273 4144 387 4215 tuoque
401 4140 475 4197 flore
490 4140 641 4217 pinxerim
656 4160 754 4199 meam
771 4147 911 4200 aetatem.

940 4245 969 4286 11.
987 4247 1013 4289 a.
1034 4246 1057 4287 J.
1072 4246 1103 4288 n.
