2738 5016
453 834 688 898 Sasernas
716 838 924 900 COROLDA.
1145 834 1184 894 53

433 1181 624 1269 Ἀναγκαῖον
641 1186 707 1249 πᾶν
723 1181 854 1270 ἀνιαρὸν
869 1183 936 1270 ἔφυ.

237 1350 308 1530 ''fle'‘
328 1336 599 1485 *Tiddidiid
609 1360 784 1505 iffi
794 1341 1182 1506 {zitsstttttbm

195 1521 214 1558 ι’
237 1556 250 1563 ,,
261 1494 302 1567 ss}
347 1512 469 1588 sintque
482 1515 588 1591 procul
603 1514 657 1590 qui
670 1515 747 1573 flent
761 1519 794 1573 et
808 1515 862 1590 qui
872 1516 1006 1593 suspiria
1020 1515 1161 1594 proflant,

272 1603 448 1676 formaeque
462 1618 587 1659 securae
601 1602 693 1659 nimis
709 1620 785 1676 quos
800 1602 892 1659 miser
907 1602 993 1679 angit
1007 1622 1101 1661 amor.

228 1687 329 1745 laetus
342 1692 424 1744 amat
437 1687 519 1745 risus
534 1686 648 1747 hilares
663 1688 813 1764 ludosque
829 1686 956 1766 Cupido,

272 1792 329 1832 nec
343 1772 427 1850 cogit
441 1773 555 1832 invitos
570 1775 634 1832 suis
648 1775 779 1833 subdere
793 1780 879 1850 terga
894 1775 1009 1852 flagris.

229 1880 279 1919 me
293 1866 396 1920 vatem
410 1866 499 1919 vocat
513 1860 605 1920 Anna
619 1881 729 1933 suum;
750 1881 818 1920 mea
831 1862 967 1920 carmina
980 1862 1097 1940 poscit:

275 1955 307 2006 et
319 1946 449 2005 feriatus
464 1949 563 2006 anulis
577 1948 663 2006 illius
679 1968 771 2006 ornor
784 1967 901 2007 amans.

228 2035 315 2092 illius
328 2033 361 2091 in
375 2034 462 2091 nullu
477 2035 698 2094 conscribitur
713 2035 821 2093 arbore
836 2054 956 2105 nomen,

275 2120 420 2196 nulloque
436 2121 592 2179 nunidem
608 2122 656 2180 die
672 2122 731 2178 rite
744 2121 821 2179 mihi
834 2122 959 2198 legitur.

229 2227 293 2285 qua
306 2206 364 2265 sibi
378 2206 506 2266 rivalem
519 2207 618 2267 credit
632 2214 749 2267 certare
765 2208 928 2281 Pudorem,

273 2293 358 2352 vinci
373 2292 491 2371 Cupido
506 2296 628 2353 nescius
643 2295 818 2373 prodigiosa
832 2295 918 2355 facit.

229 2382 279 2440 sin
294 2386 330 2439 ut
344 2380 489 2439 reddatur
504 2400 579 2440 suns
594 2383 705 2440 anulus
720 2383 849 2459 imperet
863 2383 964 2452 Anna,

272 2469 335 2526 iam
349 2486 461 2526 nomen
476 2466 585 2527 Annae
600 2470 717 2527 deleam
732 2469 845 2528 cortice
860 2468 898 2527 ab
912 2469 1009 2527 iliceo.

229 2556 257 2613 si
271 2554 424 2632 quondam
438 2556 502 2614 cari
514 2555 624 2614 fiducia
637 2555 861 2624 fallebamus,

273 2660 354 2700 anno
367 2641 564 2700 salutandum
580 2642 674 2702 semel
691 2648 826 2719 praestet
839 2642 951 2700 habere
965 2642 1061 2700 Nihil.

229 2729 365 2788 curritur
378 2745 397 2784 a
411 2729 516 2787 multis
530 2750 536 2788 :
559 2749 639 2787 unus
655 2729 715 2787 fert
729 2729 862 2806 praemia
876 2729 994 2800 victor3

273 2814 412 2892 quisquis
427 2816 568 2873 cuculum
585 2817 728 2876 claudere
741 2821 848 2888 certat,
864 2817 985 2894 ineptus
999 2815 1132 2874 homost.

1115 2919 1144 2960 K.

539 3351 652 3430 Infelix
666 3352 837 3430 Paupertas.
874 3438 876 3442 Ι

360 3788 442 3828 nunc
458 3769 564 3828 eudem
581 3769 635 3844 qui
650 3769 692 3826 sis
709 3769 829 3845 Phyllis
844 3774 875 3826 et
890 3767 971 3826 unde
984 3776 1083 3844 rogat.

319 3877 337 3917 o
351 3856 503 3933 Corydon,
521 3853 672 3933 Corydon,
689 3855 824 3913 didicisti
838 3855 933 3914 serior
948 3855 1045 3914 illud:

363 3945 486 4002 ‘nullus
502 3944 540 4002 ad
554 3943 682 4001 amissas
697 3942 753 4000 ibit
767 3942 883 4001 amicus
898 3941 989 4021 opes.‘

1118 4046 1147 4087 s.
