2738 5016
375 907 614 971 SABRINAB
643 908 853 972 OOROLLA.
1069 911 1109 970 43

417 1194 483 1255 Stat
498 1193 553 1253 tui
567 1193 599 1252 iu
614 1194 696 1252 eorde
711 1194 795 1271 lupis.

120 1334 241 1443 ’ἰξῷ
249 1358 365 1420 AUSA
377 1360 453 1419 mihi
468 1379 546 1436 quee
559 1360 610 1432 sit,
626 1378 694 1418 mes
707 1379 793 1419 mens
809 1359 924 1432 effatur,
940 1360 1078 1428 emandi;

122 1400 241 1548 ζωή
312 1448 405 1519 illius,
421 1447 562 1524 adsurgit
576 1446 646 1523 quie
661 1465 731 1505 rose
745 1465 846 1519 verne,
861 1466 965 1524 genoe,

111 1516 242 1591 ’ΝΞΛ
271 1534 380 1593 ourelii
394 1534 517 1592 leudem
529 1535 677 1612 rapientia
691 1533 787 1605 lubre,
803 1538 953 1609 tuumque

239 1621 358 1679 lumine
372 1640 451 1697 quse
463 1621 575 1692 rident,
591 1640 670 1680 vune
685 1639 810 1698 pyropo,
825 1620 921 1678 iubsr.

196 1725 288 1766 causo
301 1707 377 1766 mihi
390 1707 484 1767 flendi
498 1726 576 1783 quae
591 1708 633 1765 sit
647 1726 707 1765 neu
721 1725 811 1784 puros
824 1706 932 1779 fsteri3

240 1794 269 1852 ei
281 1793 376 1853 mihi!
399 1814 452 1854 oor
466 1813 526 1871 quo
540 1813 602 1852 non
617 1793 722 1852 durior
733 1794 801 1871 ipss
815 1793 903 1852 silex.

196 1881 289 1939 molle
301 1881 391 1940 rubet
404 1880 497 1940 fsoies
511 1881 647 1939 animum
662 1880 800 1939 confesse
814 1879 958 1957 pudicum
971 1905 979 1954 ;

240 1967 328 2026 mitia
340 1967 504 2027 credideris
518 1968 592 2026 mite
607 1967 719 2026 labello
733 1966 835 2043 loqui;

199 2072 277 2129 quus
290 2055 401 2132 eupido
415 2073 525 2114 sensus
539 2055 618 2113 scies
634 2053 768 2114 incendit
781 2073 892 2127 amore,

241 2160 342 2200 nonne
356 2141 556 2219 Cupidinesm
572 2161 605 2200 se
620 2141 708 2200 docet
722 2159 788 2200 esse
802 2140 925 2202 iucem?

197 2227 250 2286 sed
263 2233 327 2286 iam
340 2229 468 2307 pulchre
481 2247 585 2286 meum
601 2227 757 2286 declarent
769 2229 871 2286 omnis
885 2229 1022 2302 luotum3

239 2315 350 2393 quippe
364 2321 446 2373 tuost
460 2315 560 2374 cordis
574 2333 683 2373 saxeus
697 2315 750 2372 ille
764 2315 856 2390 rigor.

197 2420 253 2460 our
266 2402 356 2473 oouli,
371 2420 439 2460 mes
453 2402 527 2474 vite,
544 2403 591 2461 tui
605 2407 667 2459 tem
683 2420 777 2460 suove
792 2401 945 2475 locuntur,

238 2488 383 2564 labroque
396 2489 487 2547 melle
502 2508 559 2548 suo
572 2489 673 2566 plens,
688 2507 843 2564 genaeque
857 2489 944 2560 rosis,

195 2594 281 2634 mens
295 2581 398 2634 temen
413 2586 461 2635 esu
474 2576 507 2633 in
522 2581 553 2633 te
567 2575 667 2633 nostri
682 2593 789 2633 seoure
804 2574 943 2636 doloris?

239 2668 324 2721 otus
338 2681 420 2721 nuno
435 2667 519 2720 retro
533 2662 612 2720 done
625 2679 755 2733 resume,
770 2661 898 2734 Venus3

196 2766 274 2825 quse
288 2768 344 2807 nos
360 2749 523 2817 exoruoiet,
539 2752 602 2805 iem
616 2748 777 2826 pulchrum
792 2748 909 2823 fingere
923 2748 994 2821 noli,

239 2835 289 2895 vel
303 2835 434 2894 similem
451 2835 536 2894 nobis
552 2837 667 2911 fingere
681 2835 772 2894 corde
787 2835 874 2896 velis.

1033 2937 1063 2979 s.

444 3404 593 3482 Improbum
608 3405 659 3464 ille
675 3405 761 3466 Puer.

117 3564 349 3662 f'ssss‘idfflUS
366 3564 471 3639 Amor,
487 3566 582 3626 dirus.
627 3567 680 3626 sed
695 3587 756 3644 quo
770 3568 900 3627 recitare
914 3568 1035 3628 misello

117 3651 136 3730 ’ᾗ
156 3645 201 3735 3'1‘5f>
216 3651 239 3692 d
308 3653 352 3711 sio
360 3653 471 3711 iterum
480 3659 574 3729 etque
583 3654 695 3712 iterum
703 3674 875 3714 murmure:
891 3655 975 3715 dirus
986 3653 1107 3715 Amor?

111 3732 239 3827 ‘''ss'jaeslbffl
269 3738 387 3799 scilicet
402 3739 451 3799 his
466 3740 608 3816 ridetque
622 3759 708 3819 puer,
723 3741 863 3818 laedique
877 3741 1007 3815 renidet,

115 3819 127 3827 ’
144 3822 150 3825 ⁴
194 3823 198 3827 ’
308 3827 420 3886 crescit
433 3833 464 3886 et
478 3827 647 3905 opprobriis
662 3829 853 3905 erigiturque
864 3829 937 3886 suis.

238 3911 287 3972 dio
302 3932 368 3988 ege,
384 3932 462 3990 quae
476 3913 588 3990 liquidi
601 3915 761 3974 celebraris
778 3916 839 3972 filiu
853 3915 949 3993 ponti,

301 4001 452 4077 quomodo
466 4007 501 4060 tu
516 4001 664 4075 flammae,
680 4001 802 4081 Cypria,
816 4011 913 4060 muter
927 3999 1020 4060 erus?

1031 4103 1061 4146 u.
